2850 4409
330 787 473 873 unlus
503 786 743 871 VALERIUS
774 786 1026 871 onicinus.

243 998 307 1037 cen.
325 985 358 1035 87
377 1002 400 1035 v.
417 995 493 1050 cun,
511 997 540 1036 in
558 997 592 1037 01²
610 998 651 1036 nn
668 997 791 1049 venzoni,
810 996 884 1034 cese.
903 983 1108 1035 5411191999.

649 1352 705 1413 ΠΙ.

146 1543 202 1592 nan
221 1541 290 1607 zijne
309 1511 434 1606 geliefde‚
453 1542 495 1592 die
512 1548 568 1592 met
580 1541 632 1607 zijn
644 1556 724 1606 vneeg
736 1547 874 1606 gestorven
887 1541 998 1591 broeder
1011 1541 1058 1590 het
1070 1541 1241 1604 middelpunt

17 1605 18 1610 ’
113 1609 195 1673 zijner
211 1610 329 1673 lycische
346 1609 486 1673 gedichten
505 1609 652 1671 uitmuakt,
670 1610 742 1672 geeft
759 1607 881 1658 Catullus
897 1609 949 1658 den
968 1623 1046 1658 naam
1067 1623 1116 1657 van
1132 1608 1238 1670 Lesbia,

112 1677 238 1726 esschoon
264 1691 292 1725 ze
314 1675 522 1740 wccnschijnlijk
540 1674 630 1726 Clodia
647 1675 746 1725 heette.
773 1675 809 1738 Zij
828 1689 882 1724 was
899 1675 931 1723 de
949 1680 1037 1724 zuster
1054 1690 1104 1724 ven
1122 1675 1174 1724 den
1190 1674 1238 1723 be·

115 1744 227 1792 iuchtcn
245 1742 273 1792 P.
292 1742 411 1806 Clodius,
427 1742 531 1791 bekend
550 1743 591 1791 uit
607 1742 639 1791 de
655 1742 861 1805 redevoen'ngen
873 1756 924 1790 ven
936 1740 1039 1805 Gioeco,
1057 1756 1090 1790 en
1103 1742 1135 1790 de
1147 1756 1238 1790 vmuw

114 1823 163 1858 van
181 1809 211 1868 Q.
229 1809 362 1859 Caecilius
377 1810 502 1858 Metellus
519 1807 610 1871 Celer,
627 1823 676 1858 een
694 1809 866 1872 kentzichtig,
885 1809 971 1872 heftig
988 1823 1021 1857 en
1038 1806 1238 1871 envenettelijk

116 1891 191 1939 man,
212 1881 270 1926 met
286 1877 356 1925 wien
375 1876 405 1940 zij
424 1890 472 1925 een
490 1875 655 1940 ongelukkig
671 1877 748 1925 leven
766 1875 936 1938 doonbcacht,
954 1880 995 1925 tot
1012 1874 1053 1990 hi{
1066 1875 1093 1924 in
1112 1873 1145 1923 59
1161 1888 1238 1924 over-

115 1944 180 1992 leed.
198 1944 306 1993 Duama
322 1943 370 2007 ges
385 1941 415 2006 zij
435 1942 491 1992 nich
509 1957 559 1992 ean
578 1942 625 1991 het
641 1941 848 2006 schendelijkste
861 1943 938 1991 leven
950 1956 1019 1990 over.
1054 1941 1071 2006 ij
1085 1955 1140 1990 was
1151 1955 1238 2004 negen

112 2010 169 2071 jaer
194 2010 278 2060 ouder
304 2009 356 2058 dun
382 2008 511 2058 Catullus.
538 2009 640 2073 „Unter
665 2009 712 2058 der
736 2009 929 2059 nornehmenen
952 2008 1055 2070 iugens}
1080 2007 1160 2057 Rcms
1183 2021 1239 2056 war

117 2077 216 2126 :iamals
239 2077 284 2126 ein
308 2076 497 2126 bedenklicher
514 2075 569 2125 Ten
588 2074 635 2125 der
652 2074 822 2125 Genussucht
839 2076 894 2124 und
913 2074 1050 2124 Frivolitet
1066 2075 1237 2138 eingerissen.

115 2142 230 2208 Zechen,
259 2144 366 2192 Buhlen
396 2144 450 2191 und
477 2142 728 2193 Schuldenmnchen
751 2156 807 2191 war
829 2147 909 2205 guter
930 2142 985 2190 Ten
1008 2142 1053 2190 fiir
1076 2141 1118 2189 die
1135 2140 1249 2204 jungenv

118 2209 228 2271 Herren,
255 2210 339 2259 deren
362 2209 443 2259 Vites
459 2211 541 2259 sehon
560 2214 640 2258 unter
656 2208 753 2259 Suna’s
770 2209 966 2272 nachsichtiger
983 2208 1172 2272 Heerfiihrung
1190 2208 1239 2256 mit

115 2276 283 2327 ceictischem
302 2277 393 2326 Luxus
410 2277 465 2325 und
483 2276 575 2326 Lester
591 2281 712 2325 verirent
728 2277 869 2339 geworden
886 2275 999 2324 weren.’'
1017 2273 1165 2337 (Ribbeck).

392 2465 427 2505 99
448 2464 508 2505 nnn
528 2465 602 2506 nucu
623 2464 687 2505 vnn
707 2445 840 2506 19991Αέ
860 2464 966 2506 uuscu.

358 2614 489 2691 Lugete‚
510 2633 527 2673 0
548 2615 682 2674 Veneres
703 2613 943 2692 Cupidinesque,

356 2700 387 2754 et
407 2701 551 2772 quantum
574 2699 621 2754 est
640 2694 795 2753 hominum
815 2694 1036 2753 venustiorum:

356 2792 460 2851 passer
480 2780 616 2834 mortuus
636 2781 683 2834 est
704 2792 787 2834 meae
808 2775 939 2850 puellae,

356 2872 474 2932 passer,
496 2854 621 2914 deliciae
641 2872 726 2914 meae
746 2854 880 2931 puellae,

317 2936 335 2993 5
356 2953 446 3011 quem
466 2935 535 3011 plus
555 2934 606 2992 illa
628 2934 723 2994 oculis
745 2934 808 2993 suis
828 2935 960 3010 amabat3

355 3033 425 3074 nam
445 3014 578 3074 mellitus
599 3019 663 3074 erat
684 3020 934 3091 suamquenorat

355 3094 451 3171 ipsam
473 3099 534 3154 tam
555 3096 630 3154 bene
651 3113 742 3171 quam
762 3094 864 3171 puella
884 3099 1026 3170 matrem3

152 3302 170 3351 ’1
177 3303 294 3353 Metrum
312 3316 363 3351 van
381 3302 420 3351 dit
438 3317 497 3352 zeen
513 3301 654 3351 beroemde
671 3301 751 3364 liedje
767 3300 790 3351 is
807 3302 840 3351 de
852 3301 1011 3364 phalaeceus
1023 3301 1052 3350 of
1063 3300 1238 3365 hendecasyl-

124 3367 192 3442 iebus
208 3385 275 3419 nean
289 3369 332 3446 'tiit
348 3370 469 3419 schema:
492 3366 520 3418 ἐ
536 3384 563 3414 ε
581 3398 609 3404 -
625 3393 652 3412 ν
669 3365 716 3445 vs
728 3373 756 3406 -‘
772 3392 798 3411 υ
815 3396 842 3403 -
859 3392 885 3411 v
897 3365 946 3431 14
962 3383 1004 3417 c:
1027 3368 1161 3447 deneerste
1178 3373 1240 3418 voet

123 3433 1240 3566 11111111111511111111ἑ111111111111111111111

124 3566 155 3631 hij
173 3570 227 3619 niet
245 3572 332 3619 alleen
350 3570 440 3619 Venus
456 3568 575 3629 bedoelt,
594 3568 690 3618 zonder
706 3569 757 3617 wie
774 3582 879 3632 „neque
897 3568 929 3618 fit
944 3571 1045 3618 laetum
1061 3583 1149 3632 neque
1164 3583 1239 3618 ama-

123 3632 170 3683 bile
210 3636 352 3701 uicquam”
375 3634 463 3698 (Lucr.
487 3636 512 3699 1,
535 3634 593 3698 23),
619 3649 694 3684 maur
716 3637 768 3684 alle
791 3636 877 3699 goden
900 3649 933 3684 en
957 3636 1091 3699 gedinnen
1114 3631 1239 3697 (Χάριτες

123 3699 176 3749 9ιι”
199 3702 293 3767 putes)
311 3704 353 3753 die
369 3702 527 3753 liefhebben
544 3707 598 3750 wat
615 3702 713 3752 scheon
730 3702 761 3752 is.
777 3727 811 3736 -
828 3699 854 3752 2.
872 3704 1124 3765 venustiorum,
1141 3702 1239 3766 gezegd

126 3773 175 3816 ruet
190 3769 236 3819 het
251 3786 302 3835 cog
318 3786 351 3834 op
369 3770 402 3819 de
420 3769 536 3818 Veneres
552 3783 603 3817 van
621 3783 658 3818 vs.
670 3767 693 3818 1.
712 3769 777 3831 „qui
790 3770 832 3817 vel
845 3770 985 3832 paululum
997 3768 1146 3818 venustatis
1158 3783 1239 3817 sensu

124 3840 184 3883 sunt
207 3837 325 3888 imbuti.’'
348 3863 382 3872 —
403 3833 431 3887 7.
458 3836 579 3899 ipsam:
605 3835 677 3898 ipse
702 3835 848 3885 beteekent
872 3835 987 3902 dikwijls
1011 3840 1138 3899 mester,
1165 3835 1241 3897 ipsu
