2850 4409
731 148 769 206 62

191 336 290 385 Parcen
308 349 356 384 een
374 335 524 399 vergezicht
540 336 568 384 ln
586 335 618 383 de
635 334 782 395 toehomst,
802 334 865 383 daar
883 335 929 384 het
946 335 997 383 den
1015 336 1055 385 lof
1069 335 1177 399 bezingt
1193 351 1246 386 van
1264 337 1318 386 den

190 407 301 465 grooten
324 401 453 465 Achilles,
477 403 519 451 die
542 402 584 450 uit
608 401 648 450 dit
670 400 798 464 huwelijh
823 401 936 464 geboren
960 403 999 450 zal
1020 402 1137 451 worden.
1164 403 1202 452 De
1220 405 1320 453 laatste

189 469 475 586 ppppppozpoprpepvdat
497 468 530 519 de
553 469 657 518 dichter
680 467 732 515 den
756 468 902 531 heldentijd
926 470 990 518 stelt
1008 472 1151 532 tegenover
1169 469 1221 534 zijn
1239 471 1319 534 eigen

442 725 480 765 DE
501 724 646 765 BRUILOFT
667 724 731 763 VAN
751 724 862 765 PELEUS
882 724 923 764 nit
943 724 1054 765 rueme.

349 884 468 943 Peliaco
488 884 636 962 quondam
658 889 821 960 prognatae
840 884 952 943 vertice
972 884 1063 960 pinus

350 964 491 1024 dicuntur
509 963 641 1041 liquidas
661 963 795 1039 Neptuni
815 981 903 1022 nasse
923 982 978 1040 per
998 964 1094 1023 undas

350 1043 496 1103 Phasidos
516 1044 685 1103 adductus
706 1049 738 1102 et
757 1044 833 1102 fines
853 1045 994 1117 Aeeteos,

349 1143 419 1182 cum
438 1124 509 1183 lecti
529 1124 668 1197 iuvenes,
689 1123 819 1198 Argivae
839 1124 943 1182 robora
963 1123 1067 1200 pubis,

310 1205 483 1263 bauratam
503 1208 640 1279 optantes
662 1203 781 1262 Colchis
801 1209 936 1262 avertere
956 1203 1067 1279 pellem

348 1283 415 1342 ausi
436 1288 506 1342 sunt
526 1283 602 1341 rada
624 1283 701 1341 salsa
723 1283 784 1341 cita
804 1282 963 1341 decurrere
983 1283 1095 1360 puppi,

349 1364 468 1423 caerula
486 1367 640 1423 verrentes
661 1363 795 1437 abiegnis
815 1380 943 1439 aequora
963 1363 1080 1438 palmis.

349 1443 419 1502 diva
439 1443 548 1519 quibus
569 1442 702 1502 retinens
723 1442 755 1499 in
776 1442 902 1501 summis
922 1442 1046 1502 urbibus
1067 1460 1152 1502 arces

348 1524 414 1600 ipsa
435 1522 495 1582 levi
514 1523 587 1582 iecit
607 1522 781 1581 volitantem
802 1522 921 1581 flamine
942 1540 1080 1597 currum,

291 1605 328 1663 10
348 1603 438 1679 pinea
457 1602 642 1678 coniungens
662 1602 792 1661 inflexae
813 1606 896 1660 texta
917 1602 1043 1661 carinae.

348 1683 401 1741 illa
420 1683 527 1742 rudem
548 1700 638 1741 cursu
658 1700 777 1758 proram
796 1681 904 1740 imbuit
924 1682 1117 1758 Amphitrite.

349 1780 425 1840 quae
447 1762 536 1821 simul
556 1780 591 1820 ac
611 1768 706 1820 rostro
727 1767 885 1820 ventosum
905 1761 1053 1837 proscidit
1073 1780 1202 1839 aequor,

348 1848 488 1919 motaque
509 1841 633 1917 remigio
654 1841 770 1918 spumis
789 1840 945 1900 incanduit
964 1842 1060 1918 unda,

349 1940 498 1982 emersere
517 1923 581 1981 fero
601 1921 757 1980 candentis
777 1921 896 1996 gurgite
917 1921 1036 1995 vultus,

289 2006 327 2063 15
348 2020 512 2079 aequoreae
532 2007 698 2060 monstrum
719 2000 866 2060 Nereides
886 2000 1076 2060 admirantes.

347 2087 438 2159 atque
458 2082 521 2141 illic
541 2082 619 2139 alma
639 2081 743 2139 videre
763 2080 794 2138 in
815 2080 885 2139 luce
906 2081 1035 2139 marinas

347 2162 488 2221 mortales
509 2160 604 2220 oculis
624 2161 736 2219 nudato
757 2178 881 2236 corpore
902 2159 931 2218 N
931 2161 1060 2237 ymphas

347 2242 498 2301 nutricum
519 2246 608 2300 tenus
628 2246 767 2299 extantes
788 2258 804 2298 e
825 2240 944 2315 gurgite
965 2258 1049 2299 cano.

347 2328 412 2381 tum
433 2320 569 2380 Thetidis
589 2321 698 2379 Peleus
718 2321 859 2378 incensus
879 2321 975 2378 fertur
994 2338 1111 2394 amore,

288 2403 326 2461 20
347 2407 412 2460 tum
433 2401 537 2459 Thetis
558 2401 703 2460 humanos
724 2418 783 2458 non
804 2400 944 2475 despexit
965 2399 1164 2474 hymenaeos,

347 2487 412 2540 tum
433 2480 553 2540 Thetidi
573 2487 658 2556 pater
678 2479 744 2555 ipse
764 2479 928 2555 iugandum
949 2479 1039 2539 Pelea
1060 2480 1163 2539 sensit.

347 2579 364 2619 ο
385 2560 474 2619 nimis
495 2566 595 2636 optato
616 2560 782 2619 saeclorum
802 2569 935 2635 tempore
956 2559 1018 2618 nati

187 2716 348 2724 —---—

221 2802 308 2853 LXIV.
344 2798 360 2851 1.
388 2801 525 2852 Peliaco
543 2800 688 2851 vertice:
711 2815 744 2863 op
761 2801 812 2851 den
830 2801 921 2852 Pelion
938 2804 1010 2852 werd
1028 2804 1061 2853 de
1078 2803 1149 2868 Argo
1166 2805 1316 2869 gebouwd,

187 2869 336 2919 waarmede
354 2869 386 2917 de
404 2868 575 2931 Argonauten
592 2881 658 2916 naar
674 2868 722 2916 het
739 2867 789 2931 rijk
807 2883 859 2916 van
876 2868 976 2931 koning
992 2869 1088 2920 Aeetes
1106 2885 1157 2920 aan
1173 2872 1206 2921 de
1219 2874 1316 2923 Phasis

186 2951 291 2986 voeren.
309 2962 342 2970 -
358 2932 386 2986 4.
411 2935 532 2985 robora
556 2934 669 2997 pubis,
694 2935 746 2998 vgl.
770 2933 845 2998 Verg.
870 2935 934 2985 Aen.
958 2936 1031 2999 VIII,
1055 2935 1104 2986 528
1122 2939 1218 2988 robora
1235 2940 1315 3003 pubis

186 3005 255 3053 lecta
278 3003 359 3064 dab03
386 3001 428 3066 wij
454 3016 551 3064 zeggen
575 3005 631 3049 met
653 3015 703 3050 een
725 3000 808 3049 ander
830 3001 920 3061 beeld,
947 3002 993 3051 dat
1015 3017 1143 3053 evenzeer
1165 3005 1199 3054 de
1223 3008 1314 3056 ouden

186 3070 358 3132 gebruihten:
382 3070 414 3118 de
437 3068 525 3118 bloem
548 3068 596 3116 der
616 3068 841 3131 jongelingschap.
859 3094 893 3102 -
909 3065 937 3119 8.
961 3069 1053 3130 diua,
1075 3071 1206 3136 namelijk
1225 3072 1316 3123 Pallas
1416 3102 1417 3107 =

185 3137 304 3198 Athene,
323 3131 437 3194 Πολιάς,
454 3131 614 3198 Πολιοῦχος.
632 3159 665 3168 -
682 3134 810 3197 quibus
816 3172 822 3197 ,
845 3136 899 3184 scil.
917 3135 1091 3200 Argonautis;
1108 3139 1137 3187 ln
1155 3140 1244 3200 plaats
1262 3155 1314 3189 van
1416 3134 1417 3137 ’

186 3203 285 3266 quibus
308 3203 375 3251 diva.
393 3226 427 3237 -
446 3198 472 3252 9.
496 3216 647 3263 currum,
672 3202 704 3249 de
727 3200 804 3264 Argo.
822 3226 856 3237 -
873 3198 900 3251 ΙΙ.
925 3203 1001 3265 illa,
1024 3204 1153 3268 namelijk
1177 3205 1315 3256 Minerva:

186 3271 237 3333 vgl.
259 3270 357 3333 Hygin.
374 3268 426 3318 lab.
444 3268 516 3318 XIV:
540 3266 620 3332 (Argo
638 3282 653 3316 a
670 3267 800 3330 Minerva)
817 3267 955 3318 aedificato
972 3283 1002 3318 ac
1020 3271 1136 3332 primurn
1154 3271 1181 3320 In
1200 3275 1315 3337 pelagus

187 3335 308 3386 deducta.
325 3361 359 3369 -
376 3335 492 3384 rudem
515 3349 618 3383 cursu
642 3348 791 3396 proram,
815 3335 834 3382 't
851 3335 928 3397 schip
951 3349 1004 3398 noy
1028 3337 1196 3399 onyeoefend
1217 3340 1250 3389 in
1269 3341 1316 3390 het

185 3416 277 3451 aaron.
300 3427 334 3436 -
357 3401 569 3464 Amphitrite
591 3401 614 3449 is
636 3401 716 3449 ablat.
735 3417 766 3443 =
783 3401 944 3463 Amphitrite
967 3400 1030 3466 (vgl.
1054 3402 1243 3454 Andromache
1261 3407 1315 3456 abl.

187 3467 260 3518 Ou'd.
278 3482 343 3516 rem.
361 3482 413 3517 am.
430 3465 492 3529 3843
511 3466 623 3517 Hesione
641 3467 692 3516 obl.
709 3466 772 3516 Met.
790 3465 836 3530 ll,
853 3467 914 3529 217)
932 3483 965 3517 en
982 3468 1005 3518 is
1017 3469 1315 3538 hierouerdrachtelijk

187 3547 318 3596 genomen
335 3548 397 3582 voor
413 3534 447 3582 de
462 3548 513 3583 zee.
531 3558 564 3569 -—
581 3533 776 3583 imbuere:
787 3534 906 3597 initiare,
924 3534 1052 3598 inwijden
1069 3532 1138 3596 (met
1155 3538 1316 3603 zeewater),

186 3615 250 3649 boor
274 3599 294 3648 ‘t
310 3606 380 3648 eerst
402 3600 523 3649 Inleiden
545 3598 583 3659 (in
607 3600 639 3649 de
661 3598 725 3660 zee).
742 3624 776 3633 —
793 3596 829 3650 18.
853 3601 1043 3664 nutricum,
1067 3603 1101 3652 de
1118 3603 1208 3666 borat;
1231 3611 1315 3657 tenus

187 3671 244 3715 met
268 3666 320 3714 den
338 3670 425 3728 genet.
442 3666 465 3715 is
481 3665 640 3730 dichterlijk.
664 3667 692 3716 L.
710 3665 755 3716 Gr.
772 3663 786 3728 ἓ
802 3664 860 3716 450.
877 3692 911 3701 -
928 3663 964 3718 19.
987 3667 1148 3719 Thetidis
1172 3670 1316 3724 Peleus:

188 3733 220 3781 de
237 3732 333 3781 ouders
350 3745 400 3780 rau
418 3731 547 3793 Achilles3
569 3731 604 3795 hij
623 3732 656 3781 de
674 3747 738 3782 zoon
755 3747 807 3781 ran
823 3732 940 3797 Aeacus,
957 3734 1058 3799 koning
1074 3749 1126 3785 van
1144 3737 1263 3804 Aegina,
1283 3740 1313 3805 zij

168 3838 171 3842 ,
188 3813 253 3848 eene
271 3798 364 3861 godin,
381 3797 413 3846 de
431 3799 540 3847 dochter
556 3812 608 3846 van
620 3799 671 3848 den
683 3800 779 3861 zeegod
791 3798 907 3862 Nereus,
925 3814 990 3849 eene
1003 3801 1050 3850 der
1063 3802 1198 3853 Nereiden
1211 3806 1272 3856 dus.
1281 3833 1317 3842 —

188 3862 225 3916 21.
248 3868 348 3928 pater
370 3865 455 3928 ipse,
478 3863 605 3929 namelijk
629 3864 703 3916 Zeus.
729 3866 797 3915 Deze
820 3880 853 3914 en
876 3866 1006 3918 Poseidon
1029 3870 1135 3933 dongen
1152 3870 1230 3922 beide
1248 3888 1318 3923 naar
