2850 4409
729 159 785 215 152

353 344 472 422 iamque
492 344 561 402 novi
581 350 727 420 praeeunt
745 344 857 416 100000,
878 362 953 402 nova
974 362 1107 421 purpura
1126 347 1239 421 fulget,

394 431 425 483 et
445 443 521 482 nova
541 423 737 500 conspicuum
756 424 889 500 pondera
910 423 1002 482 sentit
1021 426 1103 483 abur.

354 505 430 563 colla
450 504 541 563 rudes
562 522 685 579 operum
705 504 849 579 praebent
867 503 1002 562 ferienda
1021 504 1159 578 iuvenci,

395 602 470 661 quos
490 583 566 642 aluit
585 583 699 659 <eampis
714 584 812 641 ‘herba
832 583 950 642 Falisca
971 584 1042 643 suis,

295 665 334 722 85
354 664 492 740 Iuppiter
511 682 578 722 arce
600 681 654 721 sua
673 669 770 721 totum
790 681 858 721 curn
881 670 996 739 spectet
1016 664 1046 722 in
1067 666 1184 738 orbem,

393 743 437 801 nil
456 743 515 801 nisi
537 744 718 816 Ronlanum,
739 742 819 819 quod
839 749 973 816 tueatur,
995 744 1091 803 habet.

354 824 450 897 salve,
471 824 549 882 laeta
570 822 650 896 dies,
671 823 835 899 meliorque
856 830 1007 882 revertere
1028 841 1161 900 semper,

394 903 542 980 apopnlo
563 921 663 961 rerum
684 902 775 978 digna
795 909 916 979 potente
938 903 1006 962 coli.

356 1001 445 1059 quem
467 989 566 1041 tamen
587 1001 653 1041 esse
675 983 765 1041 deum
786 989 816 1041 te
838 982 950 1054 dicam,
971 982 1042 1042 Iane
1063 983 1220 1042 biformis?

295 1064 334 1121 00
395 1081 464 1121 nam
485 1062 539 1122 tibi
560 1081 614 1139 par
634 1062 750 1120 nullum
773 1060 896 1121 Graecia
915 1081 1027 1121 numen
1048 1065 1145 1122 habet.

355 1143 411 1202 ede
432 1142 522 1201 simul
543 1160 677 1216 causam,
699 1161 753 1201 cur
773 1142 811 1201 de
831 1142 1010 1201 caelestibus
1030 1161 1109 1202 unus

396 1222 495 1299 sitque
516 1222 596 1298 quod
616 1241 634 1280 a
654 1228 753 1297 terg0,
775 1222 873 1298 sitque
894 1223 974 1299 quod
994 1228 1078 1296 ante,
1098 1223 1206 1282 vides?

355 1304 429 1361 haec
449 1321 504 1378 ego
525 1321 593 1361 cum
615 1302 744 1378 sumptis
764 1301 907 1377 agitarem
928 1310 1027 1362 mente
1048 1303 1183 1376 tabellis,

394 1382 522 1441 lucidior
543 1382 606 1440 visa
627 1388 688 1454 est,
709 1400 798 1457 quarn
819 1382 878 1439 fuit
897 1388 979 1455 ante,
1001 1383 1115 1441 domus.

294 1464 334 1521 95
354 1468 427 1520 tunc
448 1480 532 1521 sacer
551 1461 672 1537 ancipiti
694 1461 848 1520 mirandus
868 1461 997 1537 imagine
1017 1461 1109 1521 Ianus

395 1542 464 1601 bina
484 1559 592 1619 repens
613 1541 707 1600 oculis
728 1540 837 1599 obtulit
857 1561 907 1599 ora
927 1542 1011 1601 meis.

328 1632 330 1634 ’
355 1622 500 1698 obstipui,
522 1622 662 1699 sensique
685 1628 767 1680 metu
786 1621 915 1696 riguisse
935 1622 1074 1698 capillos,

395 1707 425 1761 et
445 1702 579 1777 gelidum
601 1702 699 1760 subito
719 1702 829 1776 frigore
850 1709 956 1777 pectus
977 1709 1048 1760 erat.

354 1781 406 1840 ille
426 1786 532 1840 tenens
552 1782 691 1840 baculum
713 1781 820 1840 dextra
841 1782 1016 1858 clavemque
1038 1782 1158 1840 sinistra

277 1863 334 1920 100
395 1861 491 1921 edidit
510 1863 565 1920 hos
585 1861 670 1920 nobis
691 1879 741 1919 ore
763 1861 860 1937 priore
882 1879 984 1920 sonos:

355 1941 455 2015 „disce
477 1948 558 2001 metu
578 1942 688 2017 posite,
711 1950 794 1999 vates
815 1959 938 2016 operose
958 1942 1090 2014 dierum,

395 2021 475 2098 quod
496 2021 589 2097 petis,
610 2030 641 2080 et
661 2039 749 2079 voces
770 2021 891 2097 percipe
911 2028 1011 2080 mente
1032 2039 1122 2080 meas

355 2120 402 2161 me
425 2102 521 2161 Chaos
541 2101 656 2177 antiqui
678 2101 757 2176 (uam
779 2118 845 2159 sum
866 2119 914 2159 res
935 2101 1044 2177 prisca)
1063 2103 1215 2160 vocabant.

393 2182 509 2257 aspice,
530 2200 618 2257 quarn
640 2180 722 2256 longi
744 2182 886 2256 temporis
907 2188 972 2240 acta
992 2200 1104 2240 canam.

277 2263 333 2320 100
354 2262 474 2320 lucidus
495 2261 545 2320 hic
566 2269 631 2334 000,
653 2268 684 2320 et
704 2279 780 2336 quae
801 2261 858 2319 tria
878 2280 1001 2337 corpora
1021 2268 1149 2333 restant,

394 2341 487 2416 iguis,
508 2359 618 2418 00000,
639 2342 746 2415 tellus,
768 2359 846 2399 unus
867 2359 992 2400 acervus
1012 2349 1084 2400 erat.

192 2506 354 2515 ..—

193 2609 282 2674 didae)
299 2610 510 2659 feestkleederen
527 2610 628 2673 draagt.
641 2634 674 2643 -
687 2607 725 2661 81.
745 2624 829 2659 nova
846 2625 1010 2674 purpura,
1029 2612 1075 2661 het
1092 2612 1258 2662 ambtskleed
1271 2613 1317 2662 der

193 2679 312 2741 consuls,
335 2678 368 2725 de
391 2681 453 2740 toga
477 2681 627 2739 praetexta,
651 2682 706 2726 met
724 2691 772 2726 een
790 2691 923 2739 purperen
941 2693 1022 2727 zoom.
1040 2704 1073 2712 -
1089 2675 1135 2729 82.
1161 2679 1260 2729 ebur:
1283 2695 1316 2743 op

194 2746 240 2794 het
257 2743 376 2808 Capitool
393 2744 589 2807 aangehomen,
609 2758 706 2792 namen
724 2744 756 2792 de
774 2744 878 2793 nieuwe
895 2744 1001 2793 consuls
1017 2760 1049 2807 op
1067 2747 1100 2794 de
1118 2746 1158 2794 uit
1170 2747 1316 2809 elpenbeen

193 2812 328 2862 bewerkte
346 2812 456 2860 sellae
473 2811 614 2859 curules
632 2811 724 2872 plaats.
737 2807 829 2861 -84.
847 2811 993 2860 Falisca:
1012 2826 1063 2860 aan
1078 2812 1196 2875 luppiter
1209 2813 1315 2862 werden

192 2894 225 2942 op
243 2880 325 2927 00000
342 2879 394 2942 dag
410 2878 484 2926 witte
502 2892 597 2926 varren
614 2878 743 2941 geofferd,
766 2878 809 2926 die
827 2892 880 2941 nog
896 2892 962 2942 gaen
977 2878 1027 2940 jul<
1045 2879 1177 2942 gedragen
1196 2879 1314 2940 hadden3

193 2946 271 2995 zulke
297 2946 371 2994 witte
397 2945 530 2993 runderen
553 2944 622 2992 rond
644 2958 706 2992 rnen
730 2945 819 2993 vooral
841 2944 870 2993 in
893 2944 945 2993 den
967 2945 1073 2994 omtrek
1096 2959 1147 2994 ran
1172 2947 1267 2996 Falerii
1287 2947 1315 2994 in

193 3013 311 3075 Etrurie'3
334 3012 366 3060 de
384 3013 453 3061 oude
471 3025 549 3059 naam
568 3011 645 3059 00000
661 3011 720 3059 stad
738 3024 792 3060 was
810 3011 923 3066 Falisca;
942 3011 972 3074 zij
991 3026 1046 3060 was
1062 3012 1095 3061 00
1113 3013 1252 3062 hoofdstad
1269 3013 1316 3062 der
1405 3055 1406 3066 .

194 3080 302 3142 0011001,
327 3094 378 3127 van
402 3077 466 3127 daur
488 3078 521 3126 de
541 3092 615 3126 vorm
633 3092 684 3125 van
702 3078 750 3126 het
766 3077 891 3140 adjectief
905 3078 1068 3128 Faliscus,
1086 3104 1120 3113 -
1136 3075 1183 3130 90.
1208 3081 1245 3130 De
1262 3079 1314 3129 Ro·

193 3148 299 3196 meinen
317 3160 368 3194 van
386 3147 466 3194 00000
485 3143 533 3207 tiid
551 3144 681 3192 meenden
700 3145 746 3193 dat
763 3144 855 3193 hunne
873 3145 1037 3208 mythologie
1055 3160 1105 3195 van
1123 3147 1156 3194 de
1171 3146 1314 3196 Grieksche

192 3214 342 3276 afkomstig
366 3226 426 3262 was.
444 3237 478 3246 —
495 3195 540 3261 93.
564 3210 723 3270 tabellis,
747 3211 778 3259 de
801 3211 931 3273 tabellae,
951 3212 1069 3275 tafeltjes
1091 3213 1121 3261 01
1141 3213 1247 3276 hordjes
1263 3227 1314 3261 ran

194 3281 274 3342 hout,
296 3281 324 3329 in
342 3279 393 3328 den
413 3293 485 3327 vorm
503 3292 582 3327 onzer
599 3278 683 3340 leien,
701 3284 757 3325 met
774 3292 828 3325 was
846 3278 998 3342 bestreken,
1017 3293 1103 3327 waaro
1139 3279 1176 3342 hij
1195 3281 1228 3329 de
1245 3279 1313 3329 Fasti

194 3348 258 3410 ging
275 3345 415 3409 schrijven.
429 3371 463 3379 —
476 3340 521 3395 99.
539 3344 716 3407 haculum,
734 3346 875 3407 clavem,
894 3345 932 3393 zie
950 3360 985 3394 vs.
1003 3344 1044 3394 65.
1057 3294 1150 3396 -itt
1169 3347 1313 3409 dierum,

192 3414 247 3462 scil.
265 3413 409 3473 fastorum,
427 3411 552 3475 eigenlijk
570 3412 602 3459 de
620 3411 705 3474 dagen
724 3425 827 3473 waarop
845 3411 877 3460 de
896 3416 1000 3474 praetor
1012 3413 1088 3461 recht
1099 3414 1191 3462 mocht
1202 3412 1313 3477 sprelren

191 3477 267 3532 ilari:
291 3479 337 3540 do,
362 3479 433 3541 dico,
455 3476 559 3538 addico)
577 3492 611 3526 en
628 3478 670 3526 die
687 3478 716 3526 in
734 3479 785 3527 den
803 3477 931 3527 kalendar
948 3483 1004 3527 met
1020 3493 1085 3528 eene
1104 3480 1123 3528 F
1141 3494 1312 3545 anngewezen

191 3559 295 3607 waren,
313 3546 366 3593 dan
384 3543 418 3609 bij
438 3544 601 3606 uitbreiding
615 3546 655 3593 als
667 3558 747 3593 naam
759 3558 821 3593 vcor
832 3545 883 3593 000
897 3544 1037 3608 kalendar,
1054 3560 1159 3609 waamp
1172 3548 1205 3597 de
1218 3560 1313 3596 namen

192 3613 239 3661 der
262 3612 318 3660 0100
340 3612 417 3674 fasti,
442 3611 552 3673 nefasti,
575 3611 722 3660 comitiales
742 3626 777 3660 00
794 3611 910 3661 intercisi
927 3626 1016 3661 waren
1034 3613 1199 3676 aangeduid,
1222 3629 1255 3663 en
1272 3613 1313 3662 die

193 3679 287 3727 verder
310 3678 349 3726 als
370 3692 434 3726 onze
457 3677 581 3726 almanak
599 3679 632 3726 00
649 3678 804 3741 feestdagen
821 3691 891 3741 enz.‚
915 3679 966 3728 000
984 3694 1030 3741 op·
1048 3694 1082 3728 en
1099 3679 1312 3744 ondergangstijd

192 3760 243 3793 ran
266 3744 395 3807 sommige
419 3743 628 3806 sterreheelden,
652 3744 895 3808 geschiedhundige
918 3745 1000 3794 seiten
1024 3760 1080 3795 000.
1105 3748 1262 3797 0000001000.
1280 3770 1313 3779 -

192 3807 247 3861 103.
267 3809 390 3858 Otreos:
409 3810 473 3858 daar
490 3810 522 3857 de
540 3808 655 3859 Grieken
672 3812 738 3860 alles
757 3812 796 3859 uit
809 3812 859 3860 den
873 3811 972 3868 Chaos,
990 3812 1041 3861 000
1054 3814 1193 3876 gapenden
1205 3812 1311 3878 afgrond
1404 3843 1405 3870 ,

191 3877 221 3925 of
237 3876 349 3937 ruimte,
367 3875 448 3923 lieten
466 3879 591 3924 ontstaan
609 3891 642 3924 en
660 3877 741 3926 lanus
758 3878 790 3926 00
808 3878 857 3940 god
876 3893 926 3927 van
939 3880 985 3927 het
997 3878 1074 3942 hegin
1089 3894 1141 3929 ran
1153 3883 1205 3930 alle
1218 3881 1311 3943 dingen
1404 3875 1405 3924 3
