2850 4409
697 145 757 203 218

284 330 393 389 511011
412 329 510 388 virum
531 329 612 388 facili
633 323 756 389 redimit
775 329 828 407 qui
849 329 993 405 sanguine
1013 331 1137 404 famam,

364 410 445 468 hunc
465 410 547 481 volo,
568 409 684 468 laudari
705 409 758 486 qui
779 409 844 469 sine
864 415 959 469 morte
979 415 1085 487 potest.

677 613 707 688 Ι,
731 616 777 674 ro.

364 795 446 855 Petit
465 792 621 854 Gemellus
642 793 763 871 nuptias
784 794 957 854 Maronillae

364 880 397 934 et
417 874 502 951 cupit
521 881 553 934 et
572 874 666 933 instat
685 881 717 933 et
737 885 877 950 precatur
897 880 928 934 et
948 875 1045 934 donat

364 955 476 1014 adeone
496 955 623 1031 pulchra
643 956 709 1013 est?
730 954 822 1014 immo
840 954 959 1014 foedius
980 955 1023 1014 nil
1043 961 1098 1014 est.

362 1034 438 1112 quid
458 1053 529 1110 ergo
549 1033 580 1093 in
600 1034 654 1092 illa
673 1034 789 1111 petitur
808 1040 840 1094 et
859 1035 978 1112 placet?
998 1035 1096 1094 tussit.

675 1237 705 1311 1,
730 1239 775 1297 13.

323 1416 414 1477 Casta
435 1434 489 1475 suo
509 1416 642 1492 gladium
664 1435 734 1476 oum
754 1417 886 1477 traderet
905 1418 993 1476 Arria
1013 1418 1118 1492 Paeto,

363 1515 454 1574 quem
475 1497 513 1556 de
533 1496 699 1556 visceribus
721 1497 884 1556 strinxerat
902 1497 968 1574 ipsa
989 1497 1068 1571 suis,

324 1576 370 1651 „si
390 1595 450 1653 qua
470 1576 561 1649 fides,
581 1577 693 1635 vulnus
714 1577 795 1653 quod
814 1577 873 1636 1111
894 1596 953 1636 non
974 1577 1089 1651 dolet,’'
1110 1577 1226 1656 inquit3

363 1657 437 1731 „sed
456 1657 538 1734 quod
558 1662 591 1715 tu
611 1657 719 1730 facies,
740 1658 797 1716 hoc
816 1657 906 1730 mihi,
927 1658 1033 1731 Paete,
1055 1658 1165 1717 dolet.''

674 1860 705 1934 1,
729 1862 774 1920 11.

322 2038 401 2098 Sunt
420 2040 510 2111 bona,
532 2045 603 2097 sunt
623 2039 770 2116 quaedam
791 2039 965 2113 mediocria,
987 2040 1058 2099 sunt
1078 2041 1155 2100 mala
1173 2041 1270 2117 plura

363 2137 440 2195 quae
460 2117 537 2194 legis
558 2119 622 2178 hic:
645 2119 734 2178 aliter
755 2138 815 2178 non
835 2121 884 2194 fit,
905 2120 1009 2194 Avito,
1029 2120 1113 2179 liber.

674 2310 704 2385 1,
728 2313 773 2371 11.

322 2479 403 2554 Quid
423 2487 469 2554 te,
491 2480 603 2555 Tuo-a,
624 2481 708 2540 iuvat
728 2482 829 2541 vetulo
850 2481 976 2541 miscere
996 2481 1120 2541 Falerno

362 2560 394 2618 in
415 2560 568 2620 Vaticanis
589 2561 708 2620 condita
728 2566 827 2620 musta
847 2561 950 2620 cadis?
1000 2576 1003 2580 ’

323 2639 397 2717 quid
416 2645 533 2700 tantum
553 2642 652 2700 fecere
673 2641 741 2700 boni
763 2641 816 2700 tibi
836 2641 968 2718 pessima
987 2642 1077 2700 vina?

362 2725 414 2779 aut
435 2720 509 2797 quid
528 2722 668 2780 fecerunt
689 2722 801 2797 optima
821 2721 890 2780 vina
911 2721 1001 2780 mali?

83 2932 86 2936 “
162 2930 212 2978 wel
230 2928 264 2992 bij
284 2928 380 2977 Livius.
395 2954 429 2962 -
443 2924 471 2978 4.
490 2928 651 2993 Deciana,
669 2944 720 2978 een
737 2930 828 2978 vriend
845 2944 880 2978 en
896 2930 1057 2994 landgenoot
1073 2944 1125 2980 1111
1141 2930 1290 2996 Martiam,

159 3010 211 3046 eeu
229 2994 346 3059 Stoicijn.
363 3021 396 3029 —
413 2992 440 3045 5.
459 2994 571 3058 111111,
588 2994 770 3060 ycmolclcelijlc
785 3003 919 3060 verootea.

196 3063 221 3125 1,
240 3061 279 3112 10.
315 3059 332 3113 Ι.
351 3061 525 3111 Gemellus
542 3060 689 3123 (waarvoor
705 3063 734 3112 in
751 3077 818 3112 even
835 3064 917 3127 goede
936 3063 1138 3113 handschriften
1154 3063 1205 3112 oolr
1223 3062 1288 3114 Ve-

161 3134 287 3179 nustus
310 3127 391 3191 staat)
413 3143 447 3177 en
468 3128 654 3178 Maronilla
671 3128 723 3193 zijn
740 3131 877 3194 overigens
894 3130 1043 3179 onbekend.
1060 3155 1094 3165 -
1110 3125 1138 3179 4.
1162 3130 1288 3195 tussit,

162 3198 254 3246 zoodat
271 3211 299 3245 11
317 3197 367 3244 wel
381 3195 489 3259 spoedig
501 3200 607 3245 sterven
619 3198 659 3245 111
671 3211 705 3245 en
719 3195 855 3246 Gemellus
867 3197 917 3246 dus
929 3197 995 3246 haar
1005 3197 1160 3261 erfgenaam
1172 3198 1212 3245 111
1225 3196 1287 3261 zijn.

195 3264 220 3326 1,
242 3261 283 3312 13.
318 3259 335 3313 Ι.
360 3263 470 3326 Arria:
494 3260 608 3311 Caecina
624 3263 723 3312 Paetus
739 3277 794 3313 was
811 3265 894 3313 onder
912 3263 999 3313 keizer
1014 3262 1143 3313 Claudius
1159 3268 1201 3312 ter
1217 3264 1287 3314 dood

161 3331 337 3379 veroordeeld.
364 3329 433 3378 Daar
457 3327 493 3393 hij
518 3329 637 3378 11111111
660 3330 717 3379 rich
738 3331 828 3379 zeluen
845 3335 872 3379 te
890 3331 1006 3392 dooden,
1028 3344 1091 3379 nam
1109 3329 1176 3395 zijne
1193 3345 1287 3380 vrouw

162 3397 239 3445 Arria
255 3411 305 3445 een
323 3397 399 3460 «lolli,
417 3396 480 3445 stiet
497 3396 553 3445 rich
572 3396 632 3445 dien
650 3396 677 3445 in
697 3397 729 3445 de
747 3396 819 3446 borst
836 3412 870 3446 en
887 3397 973 3446 reikte
992 3398 1053 3446 hem
1071 3411 1138 3446 over
1149 3410 1201 3446 aar
1219 3397 1288 3447 haar

161 3477 224 3511 man
243 3469 299 3511 met
316 3464 349 3511 de
366 3463 502 3512 woorden:
521 3463 614 3525 Paete,
632 3478 685 3512 non
704 3463 788 3526 dolet,
806 3463 874 3513 Plin.
892 3464 936 3526 Ep.
955 3463 985 3527 3,
1002 3462 1050 3527 16,
1066 3462 1090 3513 6.

196 3529 220 3591 1,
238 3527 279 3577 16.
313 3526 339 3579 2.
358 3529 471 3579 Avite:
489 3529 517 3578 L.
535 3529 681 3580 Stertinius
697 3529 805 3593 Avitus,
822 3532 914 3580 consul
931 3531 959 3579 in
978 3527 1150 3594 1111111191,
1167 3544 1222 3579 was
1234 3545 1287 3580 een

161 3596 329 3645 beschermer
346 3610 396 3644 van
413 3596 550 3645 Martialis.
851 3642 853 3646 .

195 3660 278 3724 1,18.
314 3659 331 3711 Ι.
350 3662 472 3725 Tucca,
489 3677 539 3711 een
557 3662 726 3726 gefingeerde
744 3677 831 3712 naam.
848 3689 882 3697 —
899 3663 1057 3725 Falerno,
1076 3664 1127 3726 vgl.
1145 3677 1203 3727 pag,
1221 3662 1288 3728 les,

161 3744 199 3778 vs.
218 3726 250 3776 73
268 3743 301 3776 en
320 3743 377 3793 pag.
394 3727 442 3792 93,
460 3728 546 3778 1127
564 3744 599 3778 en
616 3728 662 3790 283
683 3731 716 3778 de
733 3729 797 3793 wijn
815 3744 865 3778 van
883 3730 934 3779 den
953 3729 1097 3779 Vaticanus
1114 3744 1169 3779 was
1185 3731 1287 3781 sleclrt:

161 3795 282 3844 Vaticani
303 3794 400 3857 perfida
417 3810 501 3858 vappa
518 3797 589 3859 cadi,
611 3796 674 3859 llll,
691 3795 739 3856 48,
756 3795 796 3846 11.
814 3822 848 3830 -
864 3793 890 3846 2.
915 3796 1107 3847 Vaticanis:
1131 3797 1165 3845 de
1182 3798 1288 3848 tweede

160 3863 320 3924 lettergreep
351 3862 374 3910 is
404 3861 438 3925 bij
466 3862 591 3911 Horatius
617 3862 690 3927 11111,
720 3863 755 3928 bij
783 3863 910 3912 Martialis
935 3878 969 3912 en
996 3862 1129 3912 luvenalis
1154 3864 1226 3928 lang.
1253 3891 1289 3900 —
