2850 4409
737 170 755 227 6

243 430 246 435 .
263 355 323 414 710
344 354 442 412 omnia
462 359 493 413 et
513 352 544 411 in
565 371 666 412 rerum
685 359 807 412 naturas
828 354 940 414 vertier
959 355 1070 428 omnis,

343 452 450 509 magno
471 450 560 510 opere
580 452 598 492 a
618 451 689 492 vero
708 434 797 509 longe
818 435 955 493 derrasse
975 434 1124 494 videntur.
1200 461 1201 466 ¹

342 513 420 573 adde
440 513 531 572 etiam
551 513 604 590 qui
623 513 836 589 conduplicant
854 514 1017 591 primordia
1037 534 1153 588 rerum,

343 600 411 652 aera
431 593 590 669 iungentes
610 592 688 669 igni,
709 600 880 670 terramque
900 593 1024 671 liquori,

326 671 373 732 ‘et
392 673 446 750 qui
465 677 607 750 quattuor
626 691 666 732 ex
684 674 775 733 rebus
795 692 883 750 posse
904 674 1002 733 omnia
1022 680 1127 734 rentur

263 754 322 813 715
342 771 383 812 ex
402 752 465 829 igni
485 758 566 812 terra
585 759 675 829 atque
695 753 794 812 anima
815 771 1003 829 procrescere
1023 759 1055 813 et
1073 753 1170 814 imbri.

342 851 470 910 quorum
489 832 708 908 Acragantinus
729 851 798 892 cum
819 833 924 910 primis
944 833 1142 910 Empedocles
1162 839 1224 908 est,

342 912 441 972 insula
461 930 552 990 quem
572 912 728 989 triquetris
748 919 895 972 terrarum
915 913 1011 989 gessit
1030 914 1062 972 in
1082 914 1157 987 oris,

342 1010 432 1069 quam
452 992 574 1051 fluitans
595 992 711 1053 circum
731 993 848 1069 magnis
868 993 1051 1053 anfractibus
1071 1013 1183 1071 aequor

342 1071 461 1130 Ionium
481 1072 596 1148 glaucis
616 1072 750 1149 aspargit
769 1072 853 1132 virus
873 1074 909 1132 ab
932 1074 1035 1147 undis,

261 1152 321 1212 720
341 1157 528 1229 angustoque
549 1153 629 1212 iretu
649 1152 787 1229 rapidum
809 1171 889 1212 mare
911 1153 1020 1212 dividit
1039 1153 1129 1212 undis

341 1230 446 1291 Italiae
466 1238 614 1292 terrarum
635 1250 701 1292 oras
722 1251 740 1291 a
761 1233 869 1291 finibus
890 1232 964 1293 eius.

341 1311 391 1371 hic
411 1317 458 1371 est
478 1317 562 1371 vasta
584 1312 767 1390 Charybdin,
788 1319 820 1372 et
839 1313 889 1371 hic
909 1315 1041 1372 Aetnaea
1061 1314 1213 1371 minantur

181 1553 346 1617 Pherecydes
369 1568 420 1603 van
443 1553 536 1617 Syros,
559 1554 707 1603 omstreeks
724 1552 788 1617 000,
812 1554 898 1603 wurdt
914 1555 977 1603 door
994 1555 1141 1617 sommigen
1159 1556 1304 1618 genoemd,

180 1620 299 1683 anderen
321 1619 453 1684 schrijven
475 1618 532 1681 (ten
550 1618 687 1680 onreehte)
704 1635 754 1669 aan
772 1620 949 1683 Xenophanes
966 1621 1005 1669 dit
1022 1636 1080 1670 vers
1097 1626 1153 1670 toe:
1178 1616 1209 1668 ἔκ
1227 1618 1304 1685 γαίης

180 1681 230 1749 γὰρ
252 1682 336 1736 πάντα
359 1682 406 1735 καὶ
427 1684 464 1740 εἰς
481 1690 530 1750 γῆν
546 1683 630 1735 πάντα
647 1682 761 1750 τελευτᾷ.
780 1712 813 1721 -
829 1683 885 1737 710.
909 1692 943 1737 et
965 1688 999 1736 in
1022 1702 1135 1737 rernm
1159 1694 1305 1739 naturas

181 1754 312 1802 vertier
334 1755 457 1817 omnis,
481 1755 527 1803 dat
548 1755 570 1802 is
586 1758 685 1803 terram
703 1754 771 1803 verti
788 1754 815 1802 in
834 1768 927 1803 omnes
944 1769 999 1816 res,
1023 1759 1095 1803 want
1112 1769 1225 1803 rerum
1243 1770 1304 1803 na-

181 1823 262 1869 tura
279 1821 301 1869 is
318 1820 400 1884 gelijk
417 1835 468 1870 aan
485 1835 539 1869 res
557 1825 612 1869 met
629 1820 788 1884 betrekking
805 1825 846 1869 tot
858 1821 949 1869 hunne
961 1822 1100 1885 onderling
1111 1822 1304 1871 verschillende

181 1887 348 1949 geaardheid.
360 1884 452 1937 -711,
471 1887 633 1946 derrasse,
652 1888 689 1936 zie
708 1888 740 1935 de
758 1887 954 1951 aanteehening
971 1903 1004 1950 op
1017 1888 1040 1950 Ι,
1055 1887 1094 1936 43.
1108 1913 1142 1921 —
1153 1884 1209 1938 713.
1228 1891 1305 1938 aera

182 1954 358 2017 iungentes
375 1955 455 2018 igni,
473 1968 518 2003 zoo
535 1952 683 2017 Oenopides
700 1968 752 2002 van
770 1952 862 2015 chios,
879 1954 1026 2003 omstreeks
1039 1953 1096 2003 500.
1114 1959 1303 2018 terramque

181 2020 325 2083 liquori,
351 2021 543 2084 Xenophanes,
568 2019 626 2081 geb.
653 2021 801 2070 ernstreeks
826 2019 888 2069 570:
912 2016 1007 2074 πάντες
1032 2015 1082 2083 γὰρ
1107 2018 1183 2084 γαίης
1206 2037 1232 2068 τε
1256 2018 1304 2069 καὶ

181 2082 276 2141 ὕδατος
293 2083 324 2134 ἔκ
342 2084 498 2151 γενόμεσθα.
516 2112 550 2120 -
566 2083 623 2137 714.
647 2092 681 2135 et
700 2088 760 2150 qui
778 2092 959 2150 quattuor,
983 2088 1015 2135 de
1033 2092 1234 2150 repraesentant
1251 2102 1304 2137 van

182 2153 243 2202 deze
266 2156 322 2203 leer
343 2155 366 2204 is
391 2154 568 2218 Empedocles.
591 2179 624 2187 -
646 2150 702 2204 715.
728 2155 888 2203 anima:
907 2157 981 2217 aere,
1006 2168 1050 2203 zoo
1074 2156 1113 2203 als
1135 2154 1248 2218 dikwijls
1266 2154 1301 2219 bij

181 2220 271 2284 Lucn,
289 2222 389 2270 imbri
407 2236 438 2265 =
456 2217 566 2284 ὄμβρῳ,
583 2235 661 2284 aqua.
678 2246 712 2254 -
728 2216 784 2270 716.
805 2220 975 2283 Empedocles
992 2234 1043 2269 van
1061 2220 1236 2284 Agrigentum
1254 2219 1301 2286 (bij

181 2287 299 2336 dichters
315 2288 441 2351 Acragas,
458 2288 486 2336 in
504 2288 524 2336 ’t
535 2287 579 2336 Gr.
597 2288 684 2336 alleen
698 2282 839 2351 Ἀκράγας)
856 2302 888 2349 op
906 2286 1006 2350 Sicilie,
1024 2286 1137 2351 geboren
1156 2287 1304 2337 omstreelrs

182 2351 244 2416 490,
268 2359 360 2403 noemt
376 2369 402 2403 in
421 2353 472 2418 zijn
490 2354 598 2417 gedieht
613 2349 673 2416 περὶ
691 2350 813 2416 φύσεως,
831 2368 953 2403 waarvan
971 2368 1023 2417 nog
1040 2353 1213 2419 aanzienlijke
1230 2355 1304 2417 frag·

182 2424 292 2469 menten
309 2435 371 2469 over
387 2419 452 2484 zijn,
476 2420 508 2468 de
525 2420 581 2469 vier
597 2420 763 2469 elementen:
788 2421 880 2483 aarde,
905 2425 1001 2483 water,
1025 2422 1102 2470 lucht
1118 2434 1152 2469 en
1169 2436 1251 2483 vuur,
1270 2421 1304 2470 de

182 2486 288 2536 wortels
305 2500 356 2535 van
373 2488 438 2535 alles
455 2492 508 2535 wat
524 2487 641 2548 bestaat;
665 2486 696 2551 aij
717 2487 823 2536 worden
840 2488 903 2536 door
919 2492 988 2536 twee
1005 2487 1149 2550 hraohten,
1170 2488 1250 2536 lieide
1268 2501 1304 2537 en

182 2553 259 2616 haat,
277 2553 441 2602 beheerscht.
459 2552 674 2617 Oorspronhelijh
687 2554 739 2602 had
753 2554 785 2603 de
797 2554 890 2617 lieide,
906 2554 947 2602 die
959 2553 1095 2616 verbindt,
1112 2554 1143 2602 de
1155 2554 1303 2615 overhand3

182 2619 234 2668 alle
257 2621 408 2668 elementen
432 2634 520 2669 waren
543 2620 625 2668 onder
648 2620 776 2669 elhander
799 2621 940 2684 vereenigd
963 2625 1004 2669 tot
1020 2635 1104 2669 eenen
1122 2625 1232 2683 grooten
1250 2620 1301 2670 bol.

183 2686 285 2748 Daarop
308 2686 396 2735 hwam
416 2687 448 2735 de
466 2687 529 2735 haat
546 2700 580 2735 θη
597 2686 691 2736 bracht
707 2687 845 2750 scheiding
862 2691 977 2749 teweeg,
1001 2687 1093 2736 zoodat
1109 2691 1180 2736 eerst
1197 2687 1229 2736 de
1246 2689 1303 2736 ele·

182 2757 292 2802 menten
315 2752 487 2816 aizonderlijk
511 2767 544 2802 en
563 2753 662 2802 daarna
679 2754 704 2801 al
723 2753 770 2802 het
787 2754 884 2802 andere
900 2754 1040 2814 ontstond;
1064 2754 1126 2802 deze
1143 2753 1238 2802 kracht
1256 2754 1304 2803 der

182 2819 319 2883 scheiding
334 2820 364 2868 of
378 2820 441 2869 haat
458 2824 550 2868 neemt
567 2820 745 2869 voortdurend
762 2824 820 2883 tue,
837 2820 924 2869 totdat
941 2819 971 2883 zij
991 2820 1024 2869 de
1038 2820 1300 2884 opperheerschappij

183 2886 257 2934 heeft
273 2900 307 2934 en
324 2888 390 2936 alles
407 2887 447 2936 uit
463 2886 591 2935 elhander
605 2886 703 2950 geruht
715 2887 750 2948 is3
768 2887 819 2935 dan
832 2886 925 2949 begint
936 2901 1007 2935 weer
1018 2886 1051 2935 de
1064 2887 1143 2935 lieide
1154 2891 1182 2934 te
1194 2886 1303 2935 werhen

182 2965 216 3000 en
240 2953 286 3001 het
302 2954 475 3016 gescheidene
492 2957 520 3001 te
537 2952 696 3016 verbinden,
719 2953 807 3002 totdat
823 2952 949 3016 eindelijk
966 2954 1032 3002 alles
1048 2953 1076 3001 in
1094 2952 1146 3017 zijn
1163 2967 1302 3015 oorspron-

182 3018 300 3082 kelijken
313 3020 436 3068 toestand
449 3020 471 3068 is
482 3019 689 3083 teruggeheerd,
707 3033 813 3083 waarop
825 3019 942 3068 dezelfde
953 3020 1012 3081 loop
1025 3020 1072 3068 der
1084 3020 1303 3082 gebeurtenissen

181 3086 305 3148 opnieuw
319 3085 420 3150 begint.
436 3111 470 3120 -
486 3083 542 3136 717.
566 3086 755 3150 triquetris
772 3087 806 3134 in
823 3087 906 3148 oris,
928 3086 1045 3135 vandaar
1061 3086 1094 3135 de
1111 3087 1204 3135 oudste
1222 3100 1302 3135 naam

182 3166 233 3200 ran
250 3151 350 3216 Sicilie,
367 3152 514 3216 Trinacria,
532 3167 566 3201 en
583 3167 617 3215 op
634 3155 747 3201 munten
766 3150 837 3217 (biju.
855 3167 906 3201 van
923 3153 1082 3216 Agathocles
1095 3166 1146 3201 van
1160 3151 1302 3217 Syracuse)

182 3219 222 3267 als
238 3218 358 3283 symbooi
374 3234 440 3268 eene
453 3219 555 3283 figuur,
573 3219 717 3268 bestaande
730 3220 771 3268 uit
782 3233 833 3268 een
844 3219 1070 3268 menschenhooid
1083 3220 1122 3268 als
1134 3219 1303 3281 middeIpunt

182 3290 238 3333 met
255 3286 310 3334 drie
327 3285 429 3335 beenen
447 3288 486 3335 als
502 3287 610 3335 stralen.
627 3311 661 3319 -
677 3286 800 3349 gessit,
826 3286 900 3334 heeft
916 3286 1063 3349 gedragen,
1085 3286 1301 3350 voongebracht,

182 3351 323 3416 vergelijk:
348 3352 443 3415 baren,
468 3353 492 3401 d.
510 3354 526 3401 i.
551 3352 664 3416 dragen,
687 3352 888 3416 voortbrengen.
904 3377 938 3386 -
954 3348 1010 3402 719.
1037 3352 1146 3415 virus,
1170 3352 1218 3401 het
1240 3353 1302 3402 zilte

182 3419 296 3468 schuim.
318 3443 351 3453 -·
373 3415 437 3469 72⁰.
462 3419 576 3481 undis,
599 3424 655 3468 met
679 3418 746 3482 zijne
763 3420 871 3482 golven3
895 3417 1102 3482 waarschiJ'nlijk
1119 3419 1141 3467 is
1158 3419 1197 3467 dit
1214 3420 1302 3468 woord

181 3489 307 3534 ontstaan
320 3486 361 3534 uit
371 3486 420 3536 het
430 3485 594 3549 voorgaande
610 3485 711 3534 undis
726 3500 760 3534 en
772 3490 845 3534 meet
857 3500 886 3534 er
898 3486 948 3534 iets
959 3486 1056 3534 anders
1064 3486 1171 3548 gelezen
1180 3485 1302 3549 worden,

182 3551 242 3615 bijv.
256 3552 347 3614 imaS,
365 3552 483 3602 uiterste.
495 3577 528 3585 -
539 3548 603 3602 722.
621 3557 713 3600 vasta
731 3550 925 3615 Charybdis:
944 3552 976 3600 de
989 3551 1078 3614 Scylla
1090 3566 1123 3600 en
1136 3551 1168 3600 de
1181 3550 1303 3614 Charyb·

182 3618 235 3679 die,
253 3632 325 3667 waar
338 3619 366 3667 in
382 3619 429 3667 het
441 3618 508 3667 inde
523 3617 591 3667 boeh
606 3618 653 3667 der
667 3617 785 3681 Odyssee
801 3632 853 3666 van
869 3618 995 3667 verhaald
1007 3618 1103 3681 wordt,
1121 3618 1228 3667 werden
1239 3618 1303 3668 door

181 3685 265 3734 latere
288 3684 427 3749 schrijvers
449 3686 580 3749 geplaatst
602 3685 635 3733 in'
650 3685 697 3733 het
714 3685 823 3734 Fretum
841 3683 970 3734 Siculum.
997 3683 1098 3747 Vergel.
1116 3683 1235 3733 lustinus
1252 3684 1302 3734 Ade

181 3750 262 3814 boek,
279 3757 358 3814 caput
374 3751 403 3815 A,
426 3766 498 3801 waar
514 3766 576 3800 men
593 3751 644 3800 och
659 3752 692 3799 de
706 3751 859 3801 Aetnaea
876 3765 1050 3800 murmura
1064 3750 1202 3801 verklaard
1214 3752 1303 3816 vindt,

181 3818 228 3867 dat
244 3818 266 3868 is
284 3818 304 3867 't
314 3818 524 3868 onderaardsche
541 3819 687 3882 gerommel
704 3818 733 3866 in
749 3818 801 3866 den
819 3816 884 3879 berg
900 3816 995 3867 Aetna.
1012 3817 1153 3867 Lucretius
1168 3818 1304 3869 verklaart

182 3885 214 3933 de
232 3884 391 3950 uitbarsting
408 3900 459 3935 van
477 3887 529 3934 den
546 3885 643 3947 Aetna,
662 3885 772 3933 doordat
789 3884 889 3932 binnen
906 3884 934 3932 in
952 3885 983 3933 de
1002 3885 1093 3933 holten
1107 3898 1141 3933 en
1156 3885 1302 3947 spelonken
