2850 4409
734 130 773 188 80

314 321 349 373 ut
369 320 399 374 te
420 319 569 391 postremo
590 314 731 374 donarem
752 333 875 374 munere
896 315 1001 374 mortis

354 401 385 455 et
405 400 519 454 mutam
539 394 738 472 nequiequam
757 395 927 471 alloquerer
946 395 1095 468 cinerem,

275 477 294 533 5
315 475 434 552 quando
454 474 577 552 quidem
597 475 717 533 fortuna
736 475 811 533 mihi
831 480 893 534 tete
914 475 1039 534 abstulit
1058 474 1175 550 ipsum,

353 556 414 614 heu
434 555 526 614 miser
545 554 667 630 indjgne
687 555 780 613 frater
799 554 939 631 adempte
960 554 1042 613 mihi.

314 653 394 694 nune
414 640 514 694 tamen
534 634 649 693 interea
668 635 756 708 haee,
778 635 876 710 priseo
897 653 973 711 quae
994 646 1076 693 more
1097 640 1258 710 parentum

354 715 463 774 tradita
485 724 555 773 sunt
575 714 654 773 tn'sti
676 732 799 773 munere
819 714 858 772 ad
878 714 1013 786 inferias,

314 795 416 871 aecipe
436 795 566 853 fraterno
587 794 716 853 multum
738 794 887 853 manantia
906 795 981 854 fletu

256 876 293 933 10
354 881 444 952 atque
465 874 497 932 in
516 880 711 950 perpetuum,
731 875 837 947 frater,
858 892 913 933 ave
934 880 1025 951 atque
1046 875 1120 933 vale.

194 1030 354 1037 ..u-———

228 1124 254 1177 2.
286 1126 644 1188 miseras..inferias‚
670 1125 694 1174 d.
712 1125 729 1173 i.
756 1125 790 1172 ad
807 1124 916 1173 inferias
942 1130 1016 1186 tuas,
1043 1124 1133 1173 fratris
1159 1124 1258 1173 miseri.
1285 1149 1319 1157 —

194 1194 339 1243 advenio
365 1208 398 1241 en
424 1189 442 1243 3
467 1193 641 1241 donarem:
668 1189 698 1240 <af
720 1192 831 1240 advenio
858 1196 930 1240 meet
952 1191 992 1239 als
1015 1191 1062 1240 het
1085 1190 1231 1240 Grieksche
1255 1187 1317 1254 ἥκω

194 1266 306 1323 opgevat
333 1260 438 1308 worden
465 1261 505 1308 als
530 1273 580 1308 een
605 1259 752 1321 perfectum
778 1256 808 1306 bf
829 1258 973 1306 veranderd
999 1257 1105 1306 worden
1128 1258 1156 1306 in
1179 1257 1317 1314 adveni;

194 1329 241 1376 het
263 1331 349 1375 eerste
373 1327 394 1375 is
418 1327 465 1375 het
489 1324 732 1389 waarschijnlijkst:
757 1339 819 1373 men
843 1324 896 1373 kan
919 1338 948 1373 er
964 1323 999 1387 bij
1019 1324 1124 1373 denken
1142 1324 1270 1373 missus
1288 1330 1319 1371 nt

194 1395 329 1443 donarem.
355 1418 389 1427 -
414 1389 441 1442 4.
469 1397 608 1441 mutam:
633 1392 698 1441 cinis
724 1393 764 1440 als
789 1391 948 1440 femininum
977 1391 1051 1440 komt
1074 1390 1167 1439 zelden
1190 1404 1261 1439 voor.
1285 1415 1318 1422 —

194 1458 222 1511 5.
248 1466 320 1509 tete
346 1459 469 1522 ipsum,
494 1474 513 1507 u
538 1460 628 1508 zelven
650 1457 833 1521 persoonlijk;
858 1459 945 1506 alleen
971 1457 1004 1507 de
1028 1458 1090 1507 asch
1114 1471 1170 1506 was
1192 1472 1263 1506 over.
1285 1482 1319 1489 —

193 1524 221 1578 7.
239 1528 388 1576 interea:
406 1526 532 1575 ofschoon
549 1526 576 1574 ik
592 1540 644 1588 neg
655 1527 712 1575 veel
726 1540 774 1573 zou
787 1525 898 1573 kunnen
910 1538 1009 1587 zeggen
1022 1539 1056 1573 en
1069 1524 1182 1588 Hagen,
1199 1529 1318 1584 ontvang

195 1594 351 1643 intusschen
369 1597 422 1642 wat
440 1593 481 1655 ik,
499 1592 539 1641 als
555 1593 583 1640 in
600 1592 729 1654 opdracht
745 1606 824 1640 enzer
840 1591 941 1640 familie
959 1604 1014 1639 enz.
