2850 4409
697 151 756 209 252

247 338 305 396 185
325 338 369 396 nil
388 338 516 396 vetitum
535 337 644 397 iecisse
665 338 760 412 volet,
782 356 872 415 quem
892 356 952 396 non
971 298 1066 414 pudet
1086 339 1147 398 alto

325 435 381 493 per
399 417 525 493 glaciem
546 436 657 495 perone
678 418 755 494 tegi,
777 418 829 495 qui
851 423 1020 477 summovet
1039 437 1127 478 euros

324 497 455 573 pellibus
475 496 619 574 inversis3
640 497 797 579 peregrina
817 498 979 581 ignotaque
998 499 1083 558 nobis

325 577 364 636 ad
378 579 477 637 scelus
491 584 581 654 atque
595 579 692 652 nesae,
706 596 912 654 quaecumque
926 584 985 650 est,
999 572 1132 655 purpura
1145 579 1268 638 ducit.’'

325 658 399 716 haec
417 657 463 715 illi
485 663 603 717 veteres
623 663 782 734 praecepta
802 658 982 734 minoribus;
1004 663 1035 716 at
1053 677 1134 717 nunc

247 737 304 795 190
325 743 394 814 post
414 739 504 797 finem
524 738 661 797 autumni
682 737 781 797 media
802 738 840 797 de
856 744 949 798 nocte
970 737 1111 814 supinum

326 817 474 876 clamosus
494 817 633 877 iuvenem
653 823 740 894 pater
760 819 888 877 excitat:
911 817 1030 894 „accipe
1051 836 1148 891 ceras,

327 897 437 971 scribe,
458 916 548 974 puer,
569 898 675 974 vigila,
697 915 803 957 causas
823 916 892 974 age,
914 899 1035 974 perlege
1055 900 1161 958 rubras

326 977 470 1036 maiorum
490 979 588 1053 leges,
609 984 661 1037 aut
681 979 774 1036 vitem
794 996 886 1054 posce
906 978 1017 1037 libello.

326 1057 380 1116 sed
400 1067 491 1133 caput
510 1058 656 1117 intactum
676 1059 757 1116 buxo
777 1076 924 1135 naresque
945 1058 1056 1134 pilosas

247 1138 305 1196 195
325 1137 447 1196 adnotet
467 1143 498 1196 et
517 1138 646 1213 grandes
668 1138 793 1207 miretur
813 1138 934 1197 Laelius
955 1138 1026 1196 alas

325 1217 412 1276 dirue
431 1217 603 1276 Maurorum
622 1218 764 1293 attegias,
786 1218 909 1277 castella
928 1218 1119 1293 Brigantum,

325 1303 360 1357 ut
380 1298 560 1373 locupletem
580 1298 711 1375 aquilam
731 1296 786 1357 tibi
808 1298 1034 1374 sexagensimus
1054 1316 1151 1356 annus

324 1377 454 1454 adierat;
476 1383 528 1436 aut
547 1379 652 1453 longos
673 1383 838 1437 castrorum
857 1380 936 1437 ierre
956 1378 1073 1437 labores

326 1457 352 1516 si
372 1457 457 1533 piget
477 1464 508 1516 et
529 1458 680 1533 trepidum
703 1459 823 1516 solvunt
843 1458 897 1517 tibi
919 1476 1031 1517 cornua
1051 1462 1186 1516 ventrem

245 1538 303 1596 200
324 1556 393 1615 cum
413 1538 498 1596 lituis
518 1538 636 1611 audita,
655 1556 744 1617 pares
764 1538 846 1614 quod
865 1539 995 1597 vendere
1015 1538 1114 1614 possis

324 1617 421 1694 pluris
443 1618 581 1691 dimidio,
603 1637 659 1677 nec
681 1625 712 1677 te
732 1618 853 1676 fastidia
873 1618 981 1677 mercis

325 1698 418 1756 ullius
439 1699 565 1763 subeant
584 1699 766 1774 ablegandae
788 1698 919 1757 Tiberim
939 1699 1033 1772 ultra,

165 1879 327 1886 κ

164 2019 203 2051 nrt
220 2004 382 2053 versmaden
401 2005 461 2052 tan.
476 2029 510 2036 —-
525 2000 581 2054 t85.
599 2004 740 2066 fecisse,
758 2003 814 2052 Lat.
831 1996 1016 2065 G1¹.§590.'A.
1030 1999 1129 2053 -186.
1147 2017 1292 2064 perone:

166 2071 198 2118 de
216 2084 278 2132 pero
290 2071 312 2119 is
324 2085 374 2119 een
386 2071 481 2133 hcoge,
499 2086 557 2119 ruw
570 2070 679 2119 lederea
690 2071 795 2120 salacea.
807 2096 840 2104 —
853 2085 910 2133 per
927 2071 1085 2134 glaciem,
1103 2071 1170 2119 door
1182 2084 1292 2119 aneeuw

164 2132 368 2199 espa-19⁰.
386 2141 462 2200 post
480 2138 585 2186 tinem
603 2137 778 2186 autumni:
796 2137 838 2201 wij
858 2138 959 2186 zouden
976 2152 1086 2201 zeggen:
1105 2151 1139 2185 na
1152 2136 1184 2185 de
1197 2141 1292 2199 groote

164 2204 291 2252 vacantie.
309 2203 468 2253 Gedurende
486 2204 518 2252 de
537 2206 640 2252 treetste
657 2205 788 2252 maanden
808 2219 858 2252 van
876 2204 923 2253 het
936 2204 996 2267 jaar
1013 2204 1088 2253 zocht
1105 2204 1155 2252 wie
1168 2203 1222 2252 lion
1236 2203 1289 2267 zijn

164 2285 300 2334 genoegen
324 2271 418 2319 buiten
444 2270 539 2333 Rome,
566 2285 598 2333 op
622 2271 668 2318 bet
691 2271 762 2318 land.
793 2271 830 2319 De
853 2276 1041 2319 autumnus
1064 2271 1155 2333 begint
1178 2271 1289 2333 volgens

165 2337 246 2386 Varro
268 2337 312 2397 (de
329 2352 357 2385 re
375 2337 489 2399 rustica,
508 2338 533 2400 I,
551 2335 583 2385 28
601 2335 658 2398 51)
677 2351 699 2385 a.
719 2337 743 2385 d.
762 2337 798 2386 111
815 2338 849 2385 id.
868 2336 957 2386 Sextil.
976 2335 1018 2399 (ii
1037 2336 1116 2400 Aug.)
1133 2351 1167 2385 en
1184 2337 1290 2401 eindigt

165 2419 187 2453 a.
201 2404 226 2453 d.
243 2403 265 2452 V
282 2404 317 2452 id.
335 2405 399 2452 Nov.
419 2402 445 2464 (9
463 2402 547 2464 Non).
565 2403 602 2467 Bij
623 2404 670 2452 het
687 2404 765 2452 einde
782 2419 833 2452 van
852 2405 903 2452 den
921 2404 1007 2453 hertst
1024 2418 1112 2452 waren
1125 2404 1157 2451 de
1170 2404 1288 2453 nacbben

167 2471 243 2518 reeds
265 2471 359 2534 langer
381 2471 521 2533 geworden
544 2485 578 2519 en
601 2471 701 2518 werkte
725 2485 788 2519 men
811 2471 856 2519 des
880 2471 978 2520 avonds
995 2485 1029 2519 en
1046 2472 1092 2519 des
1110 2485 1234 2533 mergens
1251 2470 1286 2534 bij

166 2536 317 2599 lamplicht3
336 2536 365 2600 zij
385 2537 426 2585 die
445 2553 504 2586 zeer
519 2537 613 2601 ijverig
629 2551 733 2601 waren,
751 2539 836 2586 zooals
853 2538 998 2586 decedere
1016 2538 1129 2598 Plinius,
1147 2537 1288 2601 begonnen

166 2604 259 2652 hunne
276 2603 383 2651 studibn
400 2603 477 2652 reeds
494 2604 522 2652 in
541 2604 571 2652 de
589 2605 684 2652 laatste
701 2604 788 2667 dagon
803 2619 854 2652 van
866 2605 932 2667 Aug.
945 2629 979 2637 —
992 2604 1101 2652 media
1118 2605 1156 2652 de
1174 2611 1289 2653 nocte:

166 2672 226 2719 tort
242 2685 280 2718 na
297 2670 502 2733 middernacht,
526 2675 581 2719 met
599 2670 742 2733 hyperbole
759 2686 802 2720 orn
821 2685 871 2719 aan
889 2675 915 2719 te
933 2671 1031 2719 duiden
1050 2672 1112 2733 lang
1130 2671 1194 2719 υόόν
1211 2685 1287 2720 zona-

164 2751 280 2798 cppany.
303 2762 337 2770 -
363 2732 409 2786 tet.
434 2750 541 2799 cerae,
566 2737 622 2785 Lat.
646 2735 690 2786 Gr.
714 2734 801 2798 5463.
819 2763 852 2771 —
870 2733 924 2786 192.
949 2738 1232 2800 rubras..ieges:
1256 2738 1289 2786 de

164 2804 237 2852 titels
255 2803 284 2851 of
298 2804 460 2865 opsohriiten
478 2804 525 2851 der
541 2808 640 2852 wetten
658 2819 748 2853 waren
765 2804 794 2851 in
812 2804 844 2852 de
861 2804 1018 2853 wetboeken
1036 2809 1091 2852 met
1103 2805 1182 2852 roode
1195 2806 1290 2853 letters

164 2871 325 2986 nstitit
340 2868 1290 3000 {listsstetistit5¹23¹nlsitstiit3isinstitit

164 3019 194 3053 ae
211 3004 329 3053 rubricas
347 3002 390 3065 (=
403 3005 445 3053 ius
463 3002 550 3064 civile)
567 3004 789 3053 transtulerunt.”
802 3029 835 3037 —
848 3000 902 3054 193.
920 3004 1037 3053 vitem:
1056 3004 1088 3052 de
1106 3004 1162 3053 stat
1171 3019 1224 3053 van
1236 3005 1288 3053 den

164 3070 290 3120 Centurio
309 3085 362 3119 was
379 3085 431 3119 van
448 3071 499 3119 den
517 3069 641 3134 wijnstok
659 3071 821 3134 atkomstig3
840 3071 889 3119 dus
906 3071 988 3119 vitem
1003 3086 1033 3113 =
1048 3071 1080 3118 de
1097 3071 1290 3133 waardipheid

164 3153 217 3186 υαη
231 3139 285 3186 dea
298 3137 434 3186 Centurio.
446 3162 479 3171 -
492 3137 627 3199 libello,
641 3138 864 3199 verzoekschrift,·
882 3152 979 3200 posce
994 3139 1024 3185 l.:
1039 3138 1183 3187 sollicitem·
1193 3151 1246 3186 oin.
1255 3163 1291 3172 -

165 3201 221 3254 194.
245 3205 346 3254 buxo:
371 3204 429 3252 hier
453 3206 531 3267 kant,
556 3204 594 3252 zie
617 3204 688 3253 Pers.
712 3204 763 3266 ill,
788 3219 824 3253 vs.
842 3204 881 3253 51.
906 3204 925 3252 ’t
942 3202 1008 3253 Gold
1026 3219 1088 3253 voor
1105 3202 1290 3267 krijgshaftig,

166 3286 227 3320 soor
250 3271 317 3336 zijne
341 3271 424 3320 haren
448 3285 514 3334 geen
539 3285 599 3334 zorg
621 3276 648 3319 te
666 3267 898 3333 drogon—195.
921 3271 1073 3333 Laelius,
1096 3285 1145 3319 een
1163 3268 1291 3320 veldheer

165 3352 216 3387 van
233 3339 284 3387 den
302 3339 390 3387 auden
408 3339 528 3400 stempel.
545 3363 580 3371 -
597 3332 652 3387 196.
676 3338 842 3400 attegias:
865 3338 885 3386 't
901 3338 988 3387 woord
1007 3338 1141 3401 attegia
1158 3337 1235 3386 komt
1251 3337 1287 3402 bij

163 3405 240 3469 schrij
246 3420 303 3454 vers
319 3407 406 3453 alleen
425 3405 484 3453 hier
500 3420 562 3454 voor
580 3419 613 3452 en
628 3405 651 3453 is
664 3403 869 3468 waarschijnlijk
882 3419 932 3452 van
944 3403 1120 3453 Semitischen
1133 3418 1290 3467 oorsprong3

164 3473 211 3520 bet
227 3472 371 3520 beteekent
388 3486 436 3520 een
456 3473 558 3520 women
576 3472 632 3520 bnt.
648 3469 910 3534 —,Brigantum:
928 3470 960 3519 de
978 3470 1118 3533 Brigantes
1134 3485 1224 3519 waren
1242 3471 1290 3519 het

164 3538 323 3598 nrachtigste
336 3539 397 3587 vollr
410 3553 461 3587 van
475 3538 522 3586 het
535 3538 609 3587 Rom.
623 3533 877 3587 Britannia—197.
895 3539 1104 3599 locupletem
1122 3538 1290 3600 aquilam:

164 3606 195 3653 de
219 3605 326 3653 adelaar
349 3620 400 3653 van
419 3605 466 3653 het
482 3605 585 3667 legioen
603 3605 681 3652 stond
699 3604 781 3652 onder
798 3604 830 3652 de
848 3604 931 3653 hoede
948 3619 999 3652 van
1017 3604 1068 3653 den
1085 3604 1289 3667 primipilus

163 3686 214 3719 ran
233 3672 265 3720 dc
282 3675 369 3720 eerste
387 3671 487 3720 cohors,
507 3670 569 3719 Hier
585 3671 671 3720 wordt
688 3672 738 3719 dns
756 3671 865 3720 bedoeld
882 3671 914 3719 de
930 3685 997 3735 rang
1008 3686 1059 3719 van
1075 3670 1288 3734 primipiluS,

164 3751 287 3785 waaraan
312 3737 344 3784 de
362 3737 539 3799 waardigheid
559 3752 593 3785 en
610 3738 642 3785 de
659 3752 755 3786 census
772 3752 823 3786 van
841 3751 890 3786 een
908 3751 990 3800 eques
1007 3737 1158 3786 verbunden
1175 3751 1237 3786 was.
1255 3763 1289 3772 -

163 3797 227 3851 2⁰2.
246 3801 396 3850 Tiberim
414 3805 520 3851 ultra:
538 3804 565 3851 in
583 3804 615 3851 de
633 3804 705 3866 regio
719 3804 909 3853 transtiberina
921 3804 1048 3853 woonden
1061 3804 1105 3868 zij,
1121 3805 1185 3853 wier
1196 3804 1290 3853 affaire

163 3882 207 3915 orn
226 3868 277 3915 den
296 3868 347 3915 last
364 3867 393 3915 os
409 3867 440 3915 de
458 3870 736 3934 onaangenaamheid,
759 3871 800 3919 die
818 3870 848 3933 zij
868 3885 919 3919 aan
936 3872 968 3919 de
985 3871 1070 3920 buren
1089 3871 1275 3920 vercorzaakte
