2850 4409
566 564 625 602 EEN
649 564 756 602 oRoou.

263 724 333 781 Vidi
355 731 385 782 te
405 724 436 781 111
457 724 570 781 soumis
590 725 697 795 fracta,
720 743 785 782 mea
807 725 882 796 vita,
904 725 1001 783 carina

304 804 386 862 Ionio
406 805 501 862 lassas
523 804 633 863 ducere
655 823 721 863 rore
742 823 862 873 mamm,

262 890 307 956 et,
329 902 538 960 quaecumque
558 884 590 941 in
612 902 659 942 me
679 885 780 942 fueras
802 885 941 956 mentita,
962 885 1064 950 fateri,

303 982 358 1022 nec
378 965 436 1022 iam
459 965 582 1022 humore
603 981 710 1039 graves
731 965 836 1022 tollere
857 982 945 1039 posse
966 983 1080 1038 comaS,

222 1046 240 1100 ι’)
263 1044 382 1119 qualem
403 1044 563 1120 purpureis
584 1044 724 1118 agitatam
748 1044 889 1102 fluctibus
910 1045 1033 1116 Hellen,

303 1143 391 1182 aurea
412 1143 502 1200 quam
525 1124 606 1181 molli
627 1131 745 1199 tergore
766 1125 850 1182 vexit
871 1125 943 1182 ovis

263 1222 353 1280 quam
374 1204 476 1270 timui,
498 1222 536 1262 ne
556 1205 633 1262 forte
654 1211 739 1262 tuum
761 1222 842 1262 mare
863 1223 971 1263 nomen
993 1205 1129 1277 haberet,

302 1289 391 1360 teque
413 1290 464 1341 tua
485 1283 588 1342 labens
609 1284 708 1342 navita
730 1285 816 1342 fleret
836 1286 927 1360 aqua!

262 1372 417 1439 quactum
432 1382 487 1439 ego
502 1363 656 1439 Neptuno,
671 1382 748 1440 qliae
763 1374 826 1421 tum
842 1383 909 1422 cum
925 1365 1046 1423 Castore
1061 1366 1158 1436 fratri,

204 1444 240 1501 111
303 1462 438 1520 quaeque
460 1443 513 1502 tibi
535 1443 641 1519 excepi
662 1450 742 1515 tum,
764 1444 819 1502 dea
841 1444 1027 1502 Leucothoe!

261 1529 293 1581 at
313 1532 346 1581 tu
367 1524 420 1581 uix
440 1524 552 1599 primas
573 1524 722 1582 extollens
743 1524 861 1598 gurgite
882 1525 996 1599 palmas

303 1622 393 1680 saepe
415 1622 514 1662 meum
535 1621 643 1661 nomen
664 1603 723 1661 iam
746 1604 878 1679 peritura
899 1622 995 1662 vocas.

261 1684 342 1760 quod
364 1684 389 1742 si
410 1684 487 1741 forte
509 1690 576 1741 tuos
598 1684 724 1741 vidisset
746 1682 877 1742 Glaucus
898 1685 1023 1756 0001100,

230 1834 232 1838 4
302 1781 385 1822 esses
406 1763 482 1821 lonii
503 1765 581 1821 facta
602 1765 703 1838 puella
724 1765 829 1834 mariS,

202 1845 239 1900 15
260 1848 293 1901 et
313 1844 367 1902 tibi
388 1845 425 1902 ob
446 1843 590 1901 invidiam
611 1842 758 1902 Nereides
778 1844 1004 1919 increpitarent,

303 1924 436 1982 Candida
457 1923 588 1994 Nesaee,
610 1925 728 1982 caerula
750 1924 923 1998 Cymothoe.

261 2004 316 2062 sed
337 2004 391 2062 tibi
414 2003 547 2062 subsidio
569 2004 745 2079 delphinum
767 2022 887 2062 currere
908 2004 985 2076 ridi,

302 2084 369 2160 qui,
390 2090 476 2160 putu,
499 2084 650 2141 Arioniam
672 2090 796 2142 rexerat
816 2091 885 2143 ante
906 2084 1018 2158 lyram,

259 2164 380 2239 iamque
402 2182 457 2237 ego
478 2165 605 2222 conabar
625 2182 741 2222 summo
763 2183 810 2223 me
831 2164 950 2223 mittere
972 2183 1046 2222 saxo

202 2243 238 2301 20
302 2263 370 2302 cum
393 2244 466 2302 mihi
488 2243 631 2302 discussit
652 2244 722 2302 talia
744 2244 808 2302 visa
829 2252 936 2302 metus.

577 2625 749 2697 11111.

500 2822 553 2861 DES
574 2821 715 2860 IllCH'l'ERS
736 2822 824 2860 Romi.

262 2972 438 3031 callimachi
459 2972 562 3030 uanas
583 2979 613 3030 et
635 2972 687 3030 ou
710 2990 793 3029 saera
814 2943 962 3044 niueae,
1068 3038 1072 3052 ¹

301 3053 331 3110 in
355 3058 502 3123 vestrum,
525 3070 649 3127 quaem,
671 3070 719 3109 me
741 3052 829 3110 sinite
850 3053 893 3110 ire
915 3070 1028 3109 nemus.

114 3180 170 3190 x

142 3253 155 3304 Ι.
173 3275 241 3310 mea
261 3263 344 3322 vita,
363 3259 487 3323 Cynthia.
505 3257 537 3292 -*
554 3258 580 3309 2.
600 3275 719 3308 rore:
735 3262 814 3322 mari,
834 3276 956 3324 aequore.
974 3287 1007 3293 -
1024 3257 1051 3310 9.
1069 3260 1223 3320 Castore,

115 3324 156 3384 vgl.
172 3324 225 3377 Cat.
243 3328 286 3391 lV,
303 3328 344 3376 17.
357 3353 390 3360 -
403 3322 439 3376 10.
458 3341 544 3390 quae
562 3328 693 3389 excepi,
712 3329 737 3375 d.
747 3328 763 3375 i.
776 3343 845 3391 quac
858 3333 919 3376 vota
931 3329 1020 3390 excepi
1031 3343 1060 3370 =
1071 3331 1181 3390 suscepi.
1192 3356 1224 3363 —

114 3385 298 3461 leucothoe,
316 3394 352 3458 bij
372 3395 404 3442 de
422 3394 568 3442 Romeiuen
585 3393 702 3456 Matuta⁷
721 3409 775 3442 ivus
790 3394 848 3455 luo,
867 3396 898 3442 de
911 3395 1020 3443 dochter
1032 3410 1082 3443 van
1095 3394 1223 3458 Cadmus,

114 3467 136 3501 111
151 3472 210 3508 eene
227 3463 353 3526 zeegodin
371 3461 524 3509 verenderd.
542 3486 576 3493 -
594 3457 628 3510 13.
648 3459 813 3522 Glaucus,
830 3476 879 3509 een
897 3463 1102 3524 waarzeggende
1116 3465 1224 3527 zecgod,

114 3518 203 3575 heleno
225 3530 266 3578 nit
290 3530 322 3577 de
347 3527 589 3590 Argonautensage.
608 3554 641 3560 —
659 3524 695 3577 15.
722 3527 899 3590 Nereides,
927 3535 1042 3577 waartoe
1066 3529 1167 3578 Nesaee
1191 3546 1223 3579 eu

115 3584 246 3650 Cymothoe
270 3595 436 3654 behoorden,
461 3595 498 3641 zie
522 3593 577 3643 Cat.
602 3594 693 3655 LXIV,
717 3593 756 3642 19.
781 3621 814 3627 -
838 3591 874 3644 18.
901 3595 1075 3644 Arioniam
1100 3599 1223 3659 lyram,

115 3652 183 3707 Arion
199 3660 242 3722 (de
259 3662 382 3712 hehende
400 3662 491 3709 vriend
509 3675 559 3709 van
578 3662 629 3709 deu
647 3659 765 3708 Corinth.
779 3666 857 3723 tyran
872 3661 1023 3723 Periander)
1037 3670 1091 3712 met
1105 3664 1155 3727 ziju
1169 3665 1223 3711 lier.

143 3719 157 3772 Ι.
180 3726 400 3779 Callimachi:
425 3726 617 3782 Callimachus,
638 3729 677 3775 als
694 3728 893 3790 ofstammeliug
910 3744 961 3777 van
979 3730 1073 3778 Battus
1091 3731 1225 3778 Battiades

117 3797 228 3848 11111οο11111
246 3796 333 3859 (Ovio.
353 3795 442 3843 Amor.
456 3794 480 3856 l,
498 3793 543 3857 15,
562 3792 618 3855 13),
637 3794 750 3856 geboren
764 3799 791 3842 10
804 3794 920 3857 Cyrene.
938 3811 987 3845 een
1001 3798 1047 3844 der
1058 3797 1224 3845 beroemdste

117 3853 336 3928 Alexandrijusche
360 3861 501 3925 geleerdeu
526 3876 559 3909 en
579 3861 707 3922 dichters,
732 3863 879 3910 omstreehs
896 3862 946 3910 <250
964 3879 986 3911 v.
1006 3863 1066 3911 Chr.
1093 3862 1222 3911 Ofsrhoou
