2850 4409
627 213 682 272 179

197 398 233 457 20
292 404 323 458 et
344 398 438 458 minui
458 417 583 475 magnae
603 416 663 457 non
683 398 762 457 sinet
781 397 871 457 Urbis
892 416 980 474 opes:

252 483 317 550 aut,
339 479 389 538 ubi
411 484 500 538 erunt
519 484 620 555 patres
640 478 672 535 in
691 477 771 537 Iulia
791 479 903 554 templa
923 477 1035 551 vorati,

292 559 330 618 de
351 563 433 618 tanto
453 558 554 634 dignis
574 558 696 617 consule
718 559 809 617 rebus
828 563 913 633 aget:

252 644 303 698 aut
323 639 401 698 feret
419 640 557 714 Augusto
578 638 696 697 solitam
716 643 846 714 natoque
868 638 1010 711 salutem,

293 718 391 795 deque
411 715 518 795 parum
537 723 607 777 noto
628 718 765 778 eonsulet
785 717 891 776 officio.

198 797 234 857 25
254 802 373 875 tempus
394 800 430 858 ab
451 798 499 857 his
521 817 649 858 vacuum
672 797 782 858 Caesar
803 796 997 857 Germanieus
1018 815 1104 857 omne

291 879 416 949 auferet.
436 898 454 937 a
475 878 591 955 magnis
612 879 692 937 hune
712 878 784 937 colit
803 878 856 936 ille
877 877 951 937 deis.

253 976 329 1018 eum·
345 964 455 1017 tamem
476 978 494 1017 a
514 960 601 1017 turba
620 976 722 1017 rerum
743 957 923 1035 requieverit
943 958 1064 1031 harum,

294 1038 333 1097 ad
353 1056 407 1097 vos
427 1044 599 1098 mansuetas
619 1038 752 1115 porriget
771 1038 824 1097 ille
844 1055 965 1112 manus,

254 1118 387 1195 quidque
407 1137 516 1195 parens
538 1136 593 1194 ego
613 1123 714 1177 vester
734 1136 835 1193 agam,
856 1118 983 1176 fortasse
1003 1115 1144 1193 requiret.

196 1198 233 1257 30
262 1202 265 1208 '
292 1199 365 1257 talia
384 1216 438 1257 vos
458 1198 504 1260 illi
524 1198 650 1257 reddere
670 1199 761 1257 verba
781 1198 864 1256 volo:

255 1278 346 1353 „vivit
366 1278 465 1337 adhuc
484 1278 637 1355 vitamque
658 1277 713 1337 tibi
734 1278 843 1337 debere
863 1278 989 1350 fatetur,

293 1377 382 1435 quam
404 1358 488 1435 prius
508 1358 614 1424 amiti
635 1358 761 1417 Caesare
782 1375 892 1416 munus
912 1358 1014 1416 habet:

254 1442 283 1505 te
304 1438 377 1512 sibi,
398 1456 468 1497 eum
487 1438 620 1514 fugeret,
641 1437 766 1497 memori
787 1438 933 1496 solatore
955 1437 1065 1499 reterre

295 1518 447 1578 barbariae
468 1523 549 1577 tutas
570 1517 744 1577 exhibuisse
765 1517 843 1576 vias:

196 1598 234 1656 35
255 1598 399 1674 sanguine
419 1598 588 1657 Bistonium
608 1598 688 1674 quod
709 1616 769 1656 non
789 1597 963 1674 tepefecerit
983 1614 1100 1671 ensem,

294 1680 435 1738 effaetum
455 1696 527 1737 eura
547 1678 677 1754 pectoris
697 1694 765 1737 esse
785 1677 846 1736 tui:

255 1757 357 1817 addita
378 1765 531 1835 praeterea
551 1757 630 1816 vitae
651 1775 770 1834 quoque
790 1757 885 1816 multa
905 1757 1034 1816 tuendae

294 1856 433 1912 munera,
454 1856 492 1897 ne
512 1837 648 1914 proprias
668 1842 836 1897 attenuaret
856 1854 936 1914 opes.

253 1935 308 1994 pro
329 1918 438 1995 quibus
459 1923 494 1976 ut
513 1917 629 1977 meritis
650 1919 797 1977 referatur
816 1917 926 1993 gratia,
947 1916 1027 1976 iurat

195 1997 234 2057 40
295 2015 327 2057 se
348 1998 412 2057 fore
432 1997 615 2074 mancipium
635 2003 755 2073 tempus
775 1997 807 2055 in
828 2015 914 2056 omne
935 2001 1029 2056 tuum.

253 2096 323 2148 narn
343 2078 428 2154 prius
449 2079 587 2136 umbrosa
607 2077 753 2136 carituros
773 2079 877 2136 arbore
897 2081 1029 2144 montes,

294 2163 325 2217 et
344 2158 422 2217 freta
442 2158 585 2216 velivolas
605 2175 664 2216 non
687 2157 823 2216 habitura
843 2162 938 2231 ratae,

253 2237 438 2314 fluminaque
458 2237 490 2295 in
510 2238 608 2296 fontes
628 2254 720 2296 eursu
740 2236 874 2296 reditura
895 2236 1017 2313 supino,

294 2317 390 2393 gratia
410 2335 499 2394 quarn
520 2317 620 2376 meriti
642 2316 737 2393 possit
756 2317 837 2376 abire
859 2315 932 2375 tui.''

193 2398 232 2456 45
254 2398 328 2457 haee
348 2397 400 2457 ubi
421 2397 575 2469 diremtio,
598 2403 697 2456 servet
718 2415 772 2455 sua
793 2397 883 2470 dona,
904 2401 1015 2472 rogate.

295 2477 339 2536 sie
358 2476 450 2544 fuerit
471 2481 587 2536 vestrae
608 2495 697 2536 eausa
717 2482 838 2553 peraeta
858 2477 932 2536 viae.

603 2673 710 2680 ——-

106 2773 255 2788 ἣ-

106 2860 151 2904 wat
171 2873 233 2908 men
256 2860 322 2908 door
346 2859 501 2923 verovering
520 2859 549 2909 in
567 2858 618 2923 zijn
635 2859 705 2909 bezit
723 2860 775 2909 had
793 2860 926 2924 gekregen
943 2875 977 2909 eu
995 2862 1088 2910 verder
1105 2876 1155 2910 van
1174 2862 1221 2910 het

32 2955 33 2972 t
105 2920 165 2972 bezit
185 2926 212 2974 in
237 2926 285 2975 het
308 2927 455 2989 algemeen.
483 2927 539 2975 Van
561 2925 623 2975 daar
641 2927 687 2975 dat
703 2926 738 2991 bij
757 2929 808 2976 alle
827 2927 1019 2991 handelingen‚
1042 2928 1148 2991 waarbij
1168 2943 1219 2976 van

32 2979 34 3042 ἶ
105 2991 251 3054 overdraeht
274 3007 327 3042 van
349 2992 420 3041 bezit
442 2993 471 3041 oi
492 2993 631 3056 eigendom
655 2993 750 3056 sprake
773 3008 841 3056 vae,
866 2993 900 3057 bij
927 2994 1026 3056 private
1044 3009 1077 3043 en
1095 2994 1220 3058 publieke

105 3056 304 3124 vorrmpingem
328 3058 363 3123 bij
388 3060 436 3108 het
458 3060 619 3123 verpachten
642 3074 693 3107 van
717 3060 954 3109 staatsinkomsten
975 3075 1031 3109 enz.
1049 3075 1098 3109 een
1115 3062 1174 3110 lans
1192 3062 1220 3109 in

105 3121 149 3171 den
165 3126 247 3189 grand
265 3126 395 3189 gestoken
412 3127 491 3175 werd.
509 3151 542 3160 -
559 3124 595 3176 21.
623 3126 714 3175 Iulia
731 3128 873 3189 templa:
897 3127 929 3175 de
947 3125 1027 3176 Curia
1044 3127 1125 3189 Iulia,
1143 3132 1221 3176 naast

32 3199 33 3232 1
105 3185 155 3248 (ten
176 3191 251 3254 N.0.)
276 3193 323 3241 het
346 3190 505 3256 Comitium,
528 3207 583 3242 was
605 3194 633 3241 in
656 3191 689 3241 29
713 3209 736 3242 v.
760 3192 820 3242 Chr.
845 3194 909 3243 door
932 3193 999 3257 Aug.
1023 3193 1123 3256 gesteld
1141 3194 1170 3244 in
1187 3195 1220 3242 de

104 3256 179 3315 plaats
204 3274 257 3309 van
280 3259 313 3308 de
336 3274 461 3323 vroegere
483 3258 564 3309 Curia
586 3258 711 3323 Hostilia,
735 3274 807 3309 waar
830 3260 862 3309 de
886 3260 985 3311 Senaat
1000 3260 1169 3323 vergaderde.
1185 3286 1222 3295 —

103 3317 142 3372 23.
171 3326 264 3376 ierat
281 3363 303 3376 ..
320 3327 482 3375 salutem:
515 3327 548 3375 de
578 3328 684 3376 consuls
716 3327 867 3376 behoorden
898 3331 938 3376 tot
970 3327 1002 3376 de
1028 3329 1221 3391 zoogenoemde

32 3399 33 3456 ζ
104 3390 237 3450 „vrienden
262 3393 309 3442 des
334 3392 459 3456 keizers’',
483 3392 525 3441 die
549 3392 576 3441 in
600 3394 652 3442 den
669 3395 742 3456 reget
759 3393 865 3443 iederen
883 3408 992 3458 morgen
1009 3393 1044 3458 bij
1064 3395 1115 3443 den
1133 3394 1222 3444 keizer

103 3454 186 3508 bunne
208 3459 379 3526 opwaehting
402 3460 542 3521 maakten3
567 3461 606 3508 als
629 3460 796 3509 raadslieden
819 3476 869 3510 van
891 3461 922 3510 de
940 3461 1023 3510 irroon
1040 3461 1171 3511 oeienden
1189 3462 1219 3527 zij

32 3545 33 3552 1
103 3525 214 3590 somtijds
237 3541 289 3575 een
310 3526 367 3575 niet
385 3526 512 3588 geringen
529 3526 642 3576 invloed.
670 3524 833 3590 Omgekeerd
854 3528 959 3576 konden
978 3529 1152 3592 magistraten
1170 3530 1221 3579 den

32 3575 34 3594 '
104 3586 183 3641 keizer
197 3594 369 3656 raadplegen.
386 3618 420 3626 -
437 3581 482 3643 25.
504 3590 630 3642 Caesar
646 3591 885 3656 Germanicus,
903 3595 935 3643 de
954 3609 1017 3644 zeon
1036 3611 1087 3646 van
1105 3597 1222 3660 bruma,

32 3673 34 3686 >
103 3655 300 3709 den'stiefzoon
326 3674 377 3708 van
401 3658 546 3722 Augustus.
570 3685 604 3693 -
626 3655 671 3710 26.
698 3673 713 3707 a
737 3661 870 3724 magnis
885 3697 908 3711 ..
923 3661 996 3711 deis
1014 3677 1044 3706 =
1063 3668 1122 3727 post
1145 3664 1221 3724 deos3

32 3739 33 3752 ¹
102 3725 175 3774 order
197 3727 230 3776 de
247 3726 340 3791 magni
358 3725 401 3774 dei
418 3725 470 3790 zijn
487 3726 546 3775 hier
562 3726 768 3794 waarschijnlijk
786 3728 924 3790 Augustus
942 3742 976 3777 en
995 3728 1046 3792 zijn
1064 3728 1220 3791 (stief)zoon

32 3803 33 3840 t
102 3786 214 3843 Tiberius
236 3798 264 3843 te
288 3797 421 3842 verstaan.
438 3817 472 3827 -
488 3790 533 3843 35.
558 3792 766 3842 Bistonium:
791 3794 822 3842 de
846 3794 966 3845 Bistdnes
988 3797 1117 3845 woonden
1137 3810 1170 3858 op
1188 3797 1222 3844 de

102 3858 219 3910 zuidkust
241 3875 294 3910 van
317 3857 442 3922 Thracii,
464 3859 492 3907 in
516 3860 548 3907 de
571 3859 724 3908 omstreken
742 3875 792 3909 van
810 3859 922 3910 Abdera.
938 3887 972 3896 -
990 3858 1036 3912 43.
1060 3863 1127 3926 „Eer
1146 3862 1221 3910 keert

102 3922 130 3971 de
145 3925 204 3991 Rijn
221 3941 293 3977 weer
310 3941 376 3976 naar
394 3925 444 3991 zijn
462 3925 583 3974 wellen.‘'
601 3925 704 3989 Borger.

1067 4016 1119 4069 12*
