2850 4409
629 150 687 208 2119

256 341 329 394 tunc
348 335 429 394 vires
449 336 610 412 praebebat
629 336 739 410 hiems,
760 342 850 414 atque
869 341 995 396 auxerat
1014 335 1112 396 undas

256 414 345 474 tertia
364 414 424 474 iam
444 415 568 491 gravido
588 415 731 492 pluvialis
751 415 882 491 Cynthia
902 433 1009 490 cornu,

257 500 289 554 et
310 494 440 554 madidis
460 494 535 554 Euri
555 495 703 555 resolutae
724 495 845 555 flatibus
866 495 967 571 Alpes.

178 575 237 634 220
258 574 375 651 primus
395 575 427 633 in
448 576 578 635 oblicum
598 576 719 652 sonipes
739 575 900 653 opponitur
918 593 1051 649 amnem,

256 660 443 732 excepturus
463 673 571 732 aquas:
593 656 676 714 molli
698 662 763 715 tum
783 663 882 715 cetera
903 655 1015 732 rumpit

256 735 344 795 turba
363 735 440 793 vado
459 735 564 795 faciles
583 734 643 794 iam
663 735 750 795 fracti
770 735 904 795 fluminis
924 735 1028 794 undas.

257 813 367 874 Caesar
387 820 421 874 ut
441 815 613 879 adversam,
634 820 774 891 superato
794 816 928 891 gurgite,
949 815 1043 892 ripam

255 894 371 970 attigit,
393 894 556 971 Hesperiae
576 895 679 955 vetitis
699 902 731 954 et
751 895 885 955 constitit
904 896 998 954 arvis:

177 973 236 1033 225
257 974 340 1047 ,‚hic,
361 973 418 1047 ait,
439 974 489 1034 hic
509 992 613 1051 pacem
634 980 838 1053 temerataque
857 974 923 1033 iura
943 974 1092 1052 relinqu03

256 1060 301 1128 te,
321 1053 467 1127 Fortuna,
489 1072 613 1131 sequor,
633 1055 738 1132 procul
759 1055 828 1114 hinc
847 1055 907 1113 iarn
927 1054 1047 1115 foedera
1067 1062 1163 1116 sunto.

256 1133 441 1194 credidimus
461 1135 546 1201 fatis,
567 1135 712 1193 utendum
734 1140 781 1194 est
799 1134 899 1194 iudice
920 1134 1026 1194 bello.'’

256 1214 300 1273 sic
320 1215 401 1274 fatus
420 1214 517 1273 noctis
537 1214 668 1274 tenebris
688 1215 767 1291 rapit
785 1215 904 1290 agmina
924 1214 1030 1275 ductor

255 1293 392 1370 impiger.
413 1294 438 1353 it
458 1300 535 1353 torto
556 1294 689 1353 Balearis
709 1295 833 1354 verbere
852 1295 963 1354 fundae

177 1372 236 1432 2311
256 1373 336 1432 ocior
356 1379 387 1433 et
407 1373 499 1433 missa
520 1374 623 1433 Parthi
643 1380 712 1451 post
731 1380 816 1450 terga
836 1374 960 1450 sagitta;

255 1452 448 1530 vicinumque
468 1454 571 1512 minax
591 1453 707 1513 invadit
726 1454 910 1527 Ariminum,
932 1461 966 1513 ut
985 1454 1071 1531 ignes

256 1533 329 1591 solis
350 1533 492 1593 Lucifero
512 1534 668 1609 fugiebant
686 1540 768 1593 astra
789 1534 900 1593 relicto.

254 1611 376 1690 iamque
397 1612 463 1672 dies
482 1613 595 1690 primos
615 1614 687 1673 belli
708 1613 809 1673 visura
828 1614 978 1673 tumultus

255 1693 404 1768 exoritur3
426 1711 480 1752 seu
501 1703 607 1770 sponte
628 1694 734 1767 deum,
755 1711 809 1753 seu
829 1690 967 1753 turbidus
986 1695 1099 1755 Auster

177 1771 235 1830 235
254 1772 430 1849 impulerat,
451 1778 595 1832 maestam
616 1778 778 1834 tenuerunt
797 1773 900 1833 nubila
920 1774 1026 1834 lucem.

255 1852 391 1912 constitit
409 1858 445 1911 ut
465 1859 552 1930 capto
571 1852 673 1913 iussus
694 1854 843 1930 deponere
863 1853 951 1913 miles

256 1932 342 2008 signa
361 1934 440 2006 foro,
461 1932 572 1992 stridor
591 1933 701 1993 lituum
721 1933 901 2010 clangorque
922 1934 1061 1993 tubarum

254 2030 314 2071 non
334 2012 385 2089 pia
406 2012 559 2072 concinuit
578 2031 646 2072 cum
668 2031 756 2073 rauco
776 2012 904 2077 classica
923 2030 1023 2073 cornu.

29 2150 30 2157 r

29 2166 30 2173 r
105 2160 255 2174 Q*

30 2268 31 2273 ’
104 2252 154 2309 217.
181 2259 299 2310 hiems:
325 2262 353 2309 in
380 2261 400 2310 't
422 2261 500 2325 begin
527 2276 577 2310 vau
603 2261 712 2311 lanuari
735 2260 769 2310 49
793 2277 815 2311 v.
840 2260 902 2310 Chr.
925 2259 1142 2324 (waarschijnlijk
1166 2260 1217 2309 den

30 2322 32 2381 ξ
106 2322 235 2389 iblilden)
261 2329 322 2378 trok
348 2326 445 2378 Caesar
470 2342 533 2377 over
558 2328 610 2377 den
637 2327 745 2378 Rubico.
771 2353 805 2362 —
830 2324 886 2378 218.
913 2326 1074 2391 Cynthia:
1101 2327 1217 2376 Diana—

31 2390 32 2427 1
106 2388 226 2457 Artemis,
249 2410 315 2444 naar
332 2395 384 2443 den
402 2394 466 2458 berg
483 2393 607 2457 Cynthus
623 2409 655 2457 op
673 2394 765 2457 Delos,
783 2409 854 2443 waar
871 2393 901 2458 zij
921 2398 977 2442 met
993 2395 1085 2456 Apollo
1102 2394 1218 2458 geboren

32 2464 34 2529 3
107 2460 184 2522 werd,
206 2461 263 2510 hier
281 2476 311 2504 =
330 2462 414 2510 Luna.
432 2486 465 2496 -
483 2461 590 2510 tertia
613 2459 776 2524 Cynthia,
799 2462 833 2510 de
855 2461 937 2510 derde
958 2474 1057 2523 maan,
1081 2461 1105 2510 d.
1122 2461 1139 2509 i.
1161 2460 1218 2510 hier

33 2530 34 2559 ³
106 2523 134 2571 de
162 2527 239 2576 derde
271 2528 323 2590 dag
354 2542 389 2576 na
417 2528 451 2576 de
477 2528 581 2577 nieuwe
606 2541 693 2576 maan.
719 2553 753 2562 -
778 2528 919 2591 gravido
951 2542 1069 2577 cornu:
1101 2532 1154 2576 wat
1180 2528 1219 2576 dit

33 2616 34 2625 .
106 2587 238 2643 beteekent
260 2594 340 2658 blijlt
360 2595 408 2644 het
423 2594 483 2643 best
501 2595 541 2643 uit
557 2608 621 2643 eene
638 2595 724 2656 plaats
742 2608 792 2643 van
810 2593 931 2643 Valerius
948 2592 1057 2643 Flaccus
1074 2593 1171 2658 Argon.
1187 2593 1217 2657 2,

34 2694 35 2701 .
106 2653 146 2707 56:
162 2661 257 2722 „micat
274 2660 443 2711 immutabile
454 2662 559 2711 caelum
575 2674 711 2724 puraque
727 2675 783 2710 nec
798 2661 932 2722 gravido
948 2661 1062 2710 surrexit
1077 2659 1219 2725 Cynthia

105 2727 226 2775 cornu.'’
252 2727 299 2777 Uit
324 2727 357 2776 de
381 2727 571 2791 tegenstelling
596 2731 652 2776 met
678 2742 763 2790 pura
786 2726 877 2791 blijkt,
904 2728 950 2776 dat
972 2727 1137 2791 gravidus
1160 2727 1219 2776 hier

108 2788 226 2842 hetzelsde
249 2794 272 2843 is
296 2796 336 2843 als
360 2794 528 2844 obscurus
551 2794 579 2842 in
603 2794 635 2842 de
658 2794 786 2858 volgende
810 2795 895 2856 plaats
916 2808 966 2842 van
984 2793 1061 2856 Verg.
1079 2793 1171 2857 Georg.
1189 2793 1218 2856 1,

36 2914 37 2919 ¹
107 2853 163 2907 iil:
185 2861 262 2924 luna,
286 2866 451 2910 revertentes
474 2860 669 2923 cumprimum
686 2861 788 2924 colligit
804 2860 886 2924 ignis,
909 2861 931 2909 si
949 2860 1055 2923 nigrum
1074 2860 1218 2910 obscuro

105 2927 290 2988 comprenderit
319 2929 381 2975 adra
411 2942 530 2989 cornu,
560 2927 727 2976 maximus
757 2927 877 2991 agricolis
907 2927 1053 2989 pelagoque
1083 2926 1219 2989 parabitur

107 2986 228 3043 imber.‘’
247 2994 285 3042 De
303 2994 384 3042 dende
401 2993 453 3057 dag
470 3008 505 3043 na
522 2994 554 3042 de
573 2993 677 3042 nieuwe
694 3007 774 3043 maan
791 2994 838 3058 gaf
851 2994 901 3042 dus
913 2995 970 3042 veel
982 3007 1076 3055 regen,
1095 3007 1219 3042 wanneer

107 3054 134 3104 de
157 3074 233 3109 maan
259 3060 361 3109 donker
386 3061 491 3123 opging.
516 3085 549 3094 —
574 3056 630 3110 219.
657 3060 772 3121 Alpes:
800 3060 857 3109 hier
881 3061 913 3109 de
938 3058 1158 3123 Apennijnen.
1185 3085 1219 3093 —

106 3116 163 3175 2²⁰.
185 3127 336 3189 sonipes:
360 3126 394 3175 de
416 3126 531 3188 ruitaria
554 3152 587 3160 —
610 3123 673 3176 222.
697 3127 817 3189 fracti,
841 3127 879 3175 zie
902 3127 934 3174 de
958 3130 1029 3176 aaut.
1051 3141 1084 3188 op
1106 3124 1217 3176 vs.103.

108 3185 149 3239 Let
168 3207 200 3255 op
224 3194 256 3242 de
275 3193 425 3242 alliteratio.
441 3218 475 3226 —
492 3189 556 3243 225.
581 3198 834 3257 temerataque,
858 3195 894 3242 nl.
912 3195 976 3243 door
992 3193 1044 3241 den
1061 3191 1166 3243 Senaat.
1184 3219 1218 3227 —

106 3249 161 3308 229.
184 3258 341 3309 Balearis
364 3259 506 3308 fundae:
530 3261 614 3309 zocals
632 3260 735 3309 belend
752 3260 775 3310 is
792 3275 881 3309 waren
899 3260 931 3309 de
949 3261 1077 3308 Balearen
1094 3259 1217 3309 beroemd

41 3340 42 3367 1
106 3320 161 3373 door
180 3326 212 3375 de
235 3325 404 3389 raardigheid
423 3326 501 3375 harer
517 3326 653 3376 bewoners
670 3327 697 3375 in
716 3328 762 3375 het
779 3327 891 3390 gebruik
909 3341 960 3375 van
978 3327 1029 3375 den
1047 3327 1153 3391 elinger.
1180 3327 1219 3377 De

42 3436 43 3457 ἶ
108 3402 175 3440 naam
198 3393 220 3442 is
243 3393 301 3442 niet
324 3406 375 3441 van
397 3388 504 3455 βάλλειν
527 3392 556 3441 al
577 3397 603 3441 te
625 3393 727 3457 leideu,
750 3408 825 3442 maar
841 3388 1047 3458 waarschijnlijk
1065 3408 1115 3442 ran
1132 3393 1218 3444 Semi-

105 3454 198 3508 tiscuen
215 3474 366 3522 oorsprong.
383 3484 417 3493 -
436 3459 591 3509 verbere:
612 3460 733 3509 verber
750 3459 893 3508 beteekent
910 3460 1067 3525 gewoonlijk
1085 3461 1136 3510 den
1151 3461 1217 3510 riem

109 3535 149 3574 vau
171 3527 221 3575 den
245 3527 347 3588 slinger
367 3524 457 3589 (Verg.
481 3524 575 3589 Georg.
598 3524 626 3588 l,
650 3524 726 3588 309);
750 3527 809 3575 hier
832 3541 910 3576 neme
934 3541 995 3575 men
1020 3528 1066 3576 het
1088 3542 1150 3577 voor
1165 3529 1219 3578 den

107 3592 286 3656 carroperam
302 3598 391 3654 steen,
408 3593 435 3641 in
454 3593 712 3655 overeensternming
729 3599 785 3642 met
803 3593 834 3642 de
851 3594 948 3656 sagitta
965 3608 1015 3642 van
1032 3595 1078 3642 het
1092 3596 1132 3643 vol
1152 3595 1219 3644 ende

108 3668 168 3708 vars:
191 3664 260 3709 torto
285 3657 515 3708 verbere..missa
538 3660 642 3721 sagitta.
660 3685 692 3693 -
709 3655 773 3709 23⁰.
798 3660 931 3723 Parthi,
956 3662 1006 3724 rgl.
1025 3675 1082 3725 pag.
1100 3610 1163 3725 121,
1182 3677 1218 3711 vs.

107 3718 139 3772 51.
152 3750 184 3759 -
200 3722 256 3776 231.
273 3725 483 3774 Ariminum:
501 3726 534 3774 de
550 3732 636 3774 eerste
652 3725 710 3774 stad
728 3727 857 3775 uuerden
875 3727 989 3789 Rubico,
1007 3741 1058 3776 aan
1076 3728 1107 3777 de
1125 3728 1219 3777 Adria-

108 3789 180 3841 tische
203 3792 252 3841 Zee
275 3793 396 3856 gelegen.
414 3817 447 3826 -
464 3788 528 3842 238.
555 3792 735 3841 concinuit
752 3807 821 3855 ena,
845 3795 895 3857 vgl.
914 3793 989 3843 Lucr.
1008 3794 1045 3857 ll,
1065 3810 1100 3844 vs.
1118 3793 1167 3843 618
1185 3811 1218 3843 en

106 3853 154 3906 Cat,
171 3858 257 3923 LXIV,
276 3874 313 3908 vs.
331 3857 473 3908 262-261.
500 3858 682 3908 concinere
705 3874 766 3908 cum
789 3874 874 3909 accus.
894 3876 924 3903 =
943 3875 1008 3908 una
1031 3875 1167 3923 canere,
1191 3862 1217 3910 1..

135 3962 267 4015 wonrraa,
287 3951 367 4002 Serta
384 3951 524 4015 Romana,
542 3950 574 4001 ie
592 3952 668 4001 drul.
1084 3954 1119 4003 11
