2850 4409
957 198 1075 317 &Uli
1091 186 1256 319 «siff

263 373 385 432 Alcides
405 372 515 432 sensit:
538 373 696 446 „standum
716 379 764 432 est
783 372 873 447 tibi,”
895 374 988 449 dixit,
1009 380 1058 449 „et
1078 375 1158 434 ultra

262 470 321 512 non
341 453 464 512 credere
485 452 562 526 solo,
583 453 737 529 stemique
756 454 895 512 vetabere
916 460 1003 513 terra.
1061 454 1065 459 '

263 533 399 592 haerebis
419 532 533 610 pressis
552 533 632 591 intra
651 551 719 592 mea
738 538 858 609 pectora
878 534 1036 594 membris:

262 613 336 686 huc,
357 614 486 687 Antaee,
506 613 625 671 (ades.'’
647 612 691 671 sie
710 614 792 671 fatus
813 614 936 673 sustulit
955 615 1016 674 alte

184 692 242 752 650
261 692 407 752 nitentem
428 693 459 751 in
480 702 576 752 terras
595 692 744 751 iuvenem.
764 693 919 752 morientis
938 694 971 752 in
990 699 1074 753 artus
1137 762 1140 767 7

262 791 322 831 nen
342 772 441 849 potuit
459 773 522 832 nati
543 771 647 831 Tellus
666 772 841 848 permittere
860 773 956 833 vires:

260 851 384 912 Alcides
404 852 503 912 medic
523 853 621 911 tenuit
639 853 698 911 iam
720 860 840 928 pectora
859 853 945 929 pigre

262 931 366 991 stricta
385 933 455 1008 gelu
476 931 625 1009 terrisque
645 933 698 991 diu
719 950 778 991 non
798 933 927 992 eredidit
946 935 1072 1017 hostem.

261 1012 332 1071 hinc
351 1012 418 1071 aevi
438 1012 550 1072 veteris
570 1019 686 1084 custos,
706 1013 821 1071 famosa
841 1020 990 1087 vetustas,

182 1089 241 1150 655
261 1092 458 1168 miratrixque
479 1093 526 1151 sui
547 1092 678 1168 signavit
697 1093 817 1152 nomine
838 1098 942 1152 terras.

182 1212 187 1219 -
262 1172 316 1231 sed
336 1172 448 1231 maiora
468 1172 553 1231 dedit
572 1172 748 1248 cognomina
767 1173 894 1232 collibus
913 1172 996 1247 istis,

262 1251 396 1311 Poenum
416 1253 470 1329 qui
488 1252 585 1311 Latiis
605 1253 756 1312 revocavit
775 1254 812 1312 ab
832 1253 950 1312 arcibus
971 1255 1102 1325 hostem,

262 1332 370 1408 Scipio.
391 1351 460 1391 nam
482 1333 570 1392 sedes
590 1332 704 1407 Libyca
724 1333 833 1391 tellure
854 1333 948 1409 potito

261 1413 335 1471 haec
354 1412 421 1471 luit.
442 1430 495 1484 en,
518 1413 627 1471 veteris
647 1413 745 1472 cernis
763 1413 892 1487 vestigia
911 1412 999 1488 valli3

182 1491 240 1551 660
260 1492 393 1551 Romana
413 1493 468 1551 hus
488 1493 618 1569 primum
638 1493 736 1553 tenuit
754 1492 880 1551 victoria
899 1491 1048 1568 (ampcs'’

537 1857 610 1898 CATO
629 1857 789 1898 UTICENSIS.

538 2009 597 2084 rx,
619 2011 787 2070 res-ccl.

135 2166 175 2217 Na
196 2169 247 2218 den
265 2170 333 2219 dcod
350 2185 401 2219 van
420 2171 560 2234 Pompeius
575 2172 657 2236 begaf
671 2172 737 2222 Cato
755 2188 804 2222 van
824 2173 913 2237 Utica,
937 2175 969 2223 de
987 2175 1222 2224 acbterlrleinzccn

106 2246 152 2282 van
173 2233 238 2286 Cato
261 2237 359 2300 maior,
383 2238 440 2287 zich
464 2244 520 2287 met
537 2239 584 2287 het
600 2241 686 2302 leger,
710 2240 756 2288 dat
773 2239 810 2304 hij
830 2255 864 2289 na
882 2241 933 2289 den
951 2242 1009 2305 slsg
1024 2241 1059 2306 bij
1079 2242 1222 2292 Pharsalus

106 2299 143 2347 uit
165 2301 198 2351 de
223 2303 414 2367 overgebleven
439 2303 545 2354 benden
568 2306 692 2368 gevormd
717 2307 783 2371 had,
809 2322 875 2356 naar
897 2306 1001 2370 Cyrene
1024 2309 1052 2357 in
1076 2309 1164 2358 Africa
1187 2325 1223 2359 en

105 2368 192 2417 voerde
216 2384 268 2418 van
291 2370 356 2419 daar
378 2371 430 2435 zijn
452 2372 526 2434 leger
547 2372 611 2421 door
634 2374 666 2421 de
690 2372 820 2434 Lybische
843 2374 978 2438 wcestiJ‘n,
1003 2390 1074 2424 waar
1095 2377 1141 2425 het
1158 2377 1222 2425 door

106 2431 180 2498 bitte,
204 2436 280 2485 derst
300 2451 334 2485 en
356 2438 506 2501 uitputting
521 2438 693 2503 schrilrlrelijlr
712 2440 784 2503 leed,
808 2455 882 2489 mear
897 2441 962 2490 door
978 2440 1065 2492 Gatc’s
1082 2442 1220 2492 vccrbeeld

106 2512 162 2548 vuer
177 2504 309 2565 wanhoop
325 2503 448 2552 bewaard
466 2505 546 2553 werd.

300 2637 400 2714 thue
419 2640 500 2698 calor
521 2639 624 2714 solvit,
646 2659 736 2717 quem
756 2647 883 2699 terserat
903 2647 972 2701 aera
993 2649 1115 2714 ventus,

258 2717 463 2795 incensusque
484 2719 564 2791 dies,
585 2727 706 2779 manent
727 2721 885 2780 sudoribus
905 2728 1004 2795 artus,

177 2798 238 2856 500
258 2803 344 2856 arent
364 2816 416 2856 cra
436 2798 500 2858 siti:
522 2806 681 2876 conspecta
700 2807 748 2859 est
767 2819 859 2877 parva
878 2802 1009 2877 maligna

259 2877 341 2936 unda
360 2879 465 2954 procul
479 2898 576 2949 rena,
598 2899 686 2956 quam
708 2881 761 2938 vix
781 2899 799 2940 e
819 2881 944 2957 pulvere
964 2881 1051 2940 miles

258 2956 424 3034 corripiens
443 2960 579 3034 patulum
600 2961 703 3035 galeae
723 2961 860 3019 contudit
879 2961 911 3018 in
931 2962 1032 3019 orbem

259 3037 454 3114 porrexitque
475 3039 552 3097 duci.
574 3040 750 3116 squalebant
769 3042 894 3116 pulvere
913 3042 1015 3099 fauces

102 3159 258 3171 κ’-

105 3229 163 3282 Zeus
180 3250 214 3284 en
235 3235 376 3297 Alcmene,
394 3234 510 3300 vijaudig
526 3251 588 3285 was.
605 3262 639 3270 —
656 3231 722 3286 647.
745 3243 852 3287 terra:
875 3240 925 3301 vgl.
943 3239 997 3287 Liv.
1015 3237 1062 3302 23,
1079 3239 1126 3302 40,
1143 3238 1173 3289 2:
1190 3246 1222 3289 ut

104 3302 191 3351 terra
216 3316 273 3350 rem
297 3306 410 3365 gereret.
436 3302 500 3350 Vele
522 3303 723 3352 handschrilten
746 3304 850 3354 hebben
874 3311 1001 3368 terrae,
1025 3307 1071 3355 dat
1094 3308 1126 3355 de
1149 3322 1223 3356 meer

104 3377 207 3425 gewcne
232 3383 308 3417 vorm
331 3369 368 3432 is,
392 3383 467 3417 maar
489 3369 522 3417 de
543 3369 618 3419 beste
634 3370 714 3419 codex
734 3372 808 3420 heeft
824 3376 924 3421 terra.
951 3372 1009 3422 hlle
1026 3374 1099 3422 codd.
1117 3373 1221 3424 hebben

104 3434 213 3484 terrae
237 3435 263 3498 l,
288 3434 353 3484 607:
377 3436 496 3498 „colligit
511 3440 539 3485 et
555 3438 805 3488 terrae..condit.’'.
822 3464 855 3471 -
873 3434 938 3489 649.
965 3441 982 3488 h
993 3455 1030 3489 uc
1051 3441 1164 3490 cades:
1185 3441 1219 3506 gij

104 3500 152 3548 zult
169 3503 227 3552 niet
244 3502 378 3550 wederom
396 3516 429 3564 op
446 3503 499 3550 den
516 3504 597 3565 grand
613 3504 714 3566 vellen,
731 3519 807 3554 maar
818 3505 961 3569 hierheen,
978 3521 1027 3555 aar]
1042 3507 1123 3572 mijne
1135 3508 1221 3570 borst,

103 3569 223 3618 tusschen
258 3568 341 3632 mijne
373 3582 473 3618 armen.
504 3593 538 3601 -
566 3566 622 3620 651.
655 3572 874 3634 permittere,
906 3573 979 3622 laten
1012 3576 1163 3624 loculoeien.
1188 3602 1222 3610 -

104 3625 161 3683 6⁵2.
185 3636 313 3697 medic,
336 3636 368 3683 in
385 3634 405 3682 't
421 3636 548 3699 paideian,
571 3638 607 3686 ul.
624 3637 752 3687 tusschen
770 3639 859 3688 hemel
875 3653 908 3687 en
926 3641 1019 3702 sarde,
1036 3642 1064 3690 in
1082 3642 1114 3690 de
1131 3643 1220 3706 lucht,

104 3700 236 3751 verklaard
255 3703 321 3750 door
339 3702 359 3749 't
376 3702 503 3764 volgende
520 3703 697 3765 terrisque
714 3719 777 3753 non
795 3706 946 3755 credidit
962 3708 1102 3757 hostem.

131 3762 195 3819 498.
213 3774 358 3818 ventus:
376 3768 468 3816 vooraf
482 3774 545 3830 gaal
560 3770 593 3818 de
609 3768 788 3834 beschrijving
800 3786 852 3820 van
864 3786 914 3820 een
926 3777 1008 3823 sturm
1029 3801 1063 3808 —
1074 3771 1139 3825 5⁰⁰.
1157 3791 1221 3824 ma-

104 3831 190 3894 liana
208 3850 310 3885 rena:
328 3839 386 3882 caet
402 3835 508 3884 schrale
524 3836 603 3898 ader,
620 3836 672 3884 di.
689 3843 746 3885 met
762 3839 859 3901 weinig
874 3843 981 3888 tceucer
993 3841 1032 3889 uit
1043 3856 1093 3890 een
1105 3842 1222 3892 bron.-

28 3922 29 3941 .
102 3893 159 3950 563.
182 3903 281 3965 duci,
307 3902 343 3949 nl.
368 3899 456 3950 Cato.
474 3926 507 3935 -
524 3897 590 3953 5⁰5.
614 3902 915 3966 degener..miles
939 3914 997 3970 zegt
1020 3906 1084 3956 Cato
1106 3913 1147 3957 tot
1169 3909 1220 3957 deu
