2850 4409
670 146 728 203 251

296 335 431 390 traxerat
450 330 593 389 attonitos
613 335 644 389 et
663 330 806 390 festinare
826 335 959 403 coactos,

295 416 449 488 tamquam
470 411 508 469 de
529 410 647 470 Chattis
667 409 783 487 aliquid
802 410 955 486 torvisque
976 408 1147 484 Sycambris

296 490 450 563 dictumst,
472 495 623 567 tamquam
644 508 684 549 ex
705 489 833 549 diversis
853 489 989 566 partibus
1009 490 1088 549 orbis

296 570 387 629 anxia
406 569 563 646 praecipiti
585 569 718 629 venisset
739 569 868 646 epistula
887 569 986 645 pinna.

217 650 276 709 150
337 652 437 727 Atque
459 649 573 708 utinam
593 650 642 708 his
662 650 762 725 potius
782 650 872 725 nugis
892 653 954 707 tota
973 649 1026 707 illa
1046 648 1180 708 dedisset

296 735 432 806 tempora
452 729 609 802 saevitiae,
631 730 727 788 claras
747 729 856 806 quibus
876 729 1001 787 abstulit
1019 729 1087 788 urbi

296 810 502 886 inlustresque
522 810 637 871 animas
656 809 780 885 impune
800 815 831 869 et
851 808 970 868 vindice
990 809 1088 867 nulio!

298 890 352 949 sed
372 889 477 966 penit,
498 895 657 966 postquam
677 889 856 948 cerdonibus
876 907 944 948 esse
964 888 1116 948 timendus

297 974 450 1045 coeperat3
471 970 529 1028 hoc
548 969 651 1028 nocuit
670 969 841 1028 Lamiarum
862 969 953 1028 caede
973 969 1113 1028 madenti.

568 1410 829 1451 GELDGIERIGHEID.

563 1571 645 1645 xiv,
670 1571 835 1631 ira-209.

298 1750 374 1811 Inda
394 1753 458 1810 fere
480 1750 628 1810 scelerum
648 1767 770 1823 causae,
792 1768 848 1809 nec
868 1749 955 1825 plura
975 1767 1089 1808 venena

298 1831 420 1890 miscuit
440 1836 493 1889 aut
512 1832 591 1890 ferro
611 1835 766 1905 grassatur
786 1829 906 1907 saepius
926 1829 1022 1887 ullum

220 1913 278 1972 175
298 1912 446 1970 humanae
466 1911 577 1970 mentis
596 1910 719 1983 vitium,
741 1928 830 1987 quam
852 1927 940 1968 saeva
959 1909 1069 1985 cupido

299 1991 451 2050 immodici
473 2008 590 2050 census.
611 2009 680 2055 nam
701 1989 787 2048 dives
807 1989 860 2066 qui
880 1989 946 2048 fieri
968 1990 1048 2062 vult,

299 2077 330 2131 et
350 2071 409 2130 cito
429 2070 497 2129 vult
516 2069 598 2146 fieri;
620 2070 674 2128 scd
694 2087 771 2147 quae
792 2068 959 2128 reverentia
978 2070 1095 2144 legum,

300 2151 368 2228 quis
389 2156 488 2210 metus
509 2157 562 2209 aut
581 2150 678 2226 pudor
698 2154 746 2209 est
765 2167 908 2226 umquam
928 2148 1115 2225 properantis
1135 2147 1237 2206 avari?

300 2231 411 2305 „vivite
432 2229 564 2289 contenti
585 2229 698 2289 casulis
719 2234 750 2287 et
770 2228 896 2287 collibus
917 2228 999 2301 istis,

220 2311 278 2370 180
299 2329 317 2369 o
337 2310 460 2387 pueri!”
481 2310 600 2368 Marsus
621 2310 739 2368 dicebat
759 2314 791 2367 et
811 2308 959 2369 Hernicus
980 2308 1051 2368 olim

299 2390 504 2467 Vestinusque
526 2408 619 2449 senex
640 2407 765 2465 „panem
786 2407 964 2466 quaeramus
984 2394 1096 2462 aratro,

300 2470 352 2548 qui
374 2472 447 2529 satis
467 2475 515 2529 est
535 2469 663 2543 mensis3
685 2468 810 2527 laudant
828 2469 886 2527 hoc
905 2469 1028 2527 numina
1048 2468 1142 2541 ruris,

300 2569 427 2628 quorum
448 2568 504 2625 ope
524 2555 555 2609 et
575 2549 688 2607 auxilio
708 2553 811 2624 gratae
832 2553 900 2625 post
920 2567 1030 2608 munus
1050 2548 1158 2608 aristae

300 2630 477 2706 contingrmt
498 2629 611 2688 homini
631 2629 743 2688 veteris
763 2629 884 2688 fastidia
905 2648 1042 2707 quercus

135 2776 300 2786 ——0———-

172 2861 229 2915 149.
248 2863 475 2927 praecipiti..
492 2862 608 2925 pinna:
626 2862 742 2911 koeriers
760 2863 866 2912 hadden
884 2876 934 2911 aan
952 2863 984 2911 de
1002 2866 1070 2925 punt
1088 2876 1138 2910 van
1156 2863 1187 2911 de
1205 2864 1263 2910 lans

133 2947 187 2981 een
212 2946 287 2992 veen,
312 2944 437 2979 wanneer
460 2929 490 2993 zij
514 2943 564 2977 een
588 2929 695 2991 droerig
710 2929 815 2978 bericht
831 2929 1030 2978 overbrachten.
1057 2929 1118 2977 Men
1135 2929 1189 2977 kan
1206 2928 1265 2977 hier

133 3000 231 3048 echter
254 2997 303 3046 ock
328 2998 460 3057 vertalen,
484 2996 553 3045 alsos
573 3010 625 3044 van
648 2997 695 3044 het
711 2996 814 3046 cadem
829 2996 910 3045 stade
927 2996 977 3045 der
994 2996 1092 3045 wereld
1108 2996 1264 3046 castanella

135 3065 276 3127 vleuqelan
300 3078 365 3113 aena
384 3061 549 3126 jobstijdinq
576 3077 648 3111 wara
673 3064 869 3124 acnqetcmaa.
894 3087 928 3096 —
954 3058 1008 3112 153.
1041 3062 1263 3111 cerdonibus:

136 3127 247 3194 ua'pdwv
270 3132 292 3179 is
314 3130 421 3179 iemand
445 3129 488 3177 die
511 3129 574 3178 door
595 3129 704 3178 werten
722 3143 773 3178 aan
791 3130 842 3178 den
859 3129 920 3178 kost
937 3134 1009 3177 mcet
1026 3129 1131 3178 tomen.
1158 3128 1264 3178 Vertaal

137 3200 210 3248 hier:
229 3197 367 3259 qapeupel.
384 3221 418 3230 -
436 3192 492 3246 154.
516 3196 724 3245 Lamiarum:
749 3196 781 3245 de
799 3196 906 3245 Lamiae
924 3196 1074 3245 behoorden
1092 3200 1132 3245 tot
1149 3196 1181 3244 de
1199 3210 1264 3245 aan-

136 3264 288 3329 zienlijkste
306 3261 430 3327 adellijlre
447 3262 601 3326 geslachten
620 3263 647 3310 in
665 3263 755 3312 Rome.
774 3263 941 3313 Domitianus
958 3263 1011 3311 had
1028 3262 1055 3312 L.
1070 3262 1161 3312 Aelius
1173 3262 1265 3311 Lamia

136 3332 206 3396 ziJ'ne
231 3344 322 3380 vrouw
345 3330 467 3378 ontroofd
490 3343 524 3378 en
542 3329 604 3377 hem
622 3329 674 3378 zeii
689 3333 731 3377 ter
748 3330 814 3379 dcod
832 3331 905 3379 laten
922 3330 1048 3392 brengen.
1074 3330 1176 3393 Daarop
1193 3330 1263 3378 werd

137 3398 309 3447 Domitianus
334 3397 387 3445 zeli
408 3397 471 3445 door
492 3410 541 3444 een
566 3396 798 3446 zaakwaarnemer
814 3411 866 3446 van
883 3397 1032 3458 Domitilla‚
1056 3397 1088 3446 de
1106 3412 1196 3446 vrouw
1214 3411 1265 3446 van

137 3466 231 3514 Aelius
255 3463 362 3577 Larqia,
387 3463 450 3511 door
467 3477 517 3511 een
541 3462 712 3526 vrijgelatene
736 3478 770 3512 en
794 3464 892 3513 audere
910 3464 998 3512 lieden
1016 3464 1056 3512 uit
1072 3465 1120 3513 het
1136 3478 1265 3527 gemaene

137 3532 199 3581 volk
236 3531 328 3579 edoo.

173 3546 235 3649 1735
249 3596 345 3645 Inde:
364 3595 405 3644 uit
421 3592 753 3659 geldgierigheid.-176.
771 3611 907 3646 census:
924 3592 1165 3660 aptatam-180.
1183 3596 1264 3645 Mar·

138 3680 198 3714 sus
216 3662 403 3723 Hermone,
426 3664 477 3725 vgl.
495 3663 545 3724 111,
562 3660 620 3711 tos.
646 3663 683 3711 De
701 3662 842 3712 Hernici
859 3664 887 3712 in
905 3664 1011 3713 Latium
1029 3678 1063 3713 en
1080 3664 1113 3712 de
1131 3662 1264 3712 Vestini

138 3732 166 3780 in
185 3732 205 3780 ’t
219 3729 353 3792 hoogland
371 3729 418 3777 der
434 3728 570 3778 Abruzzen
588 3730 694 3778 rvorden
709 3730 737 3778 in
750 3730 790 3778 dit
801 3730 917 3779 verband
930 3731 986 3780 niet
998 3746 1043 3780 zoa
1055 3730 1122 3779 vaak
1134 3730 1263 3794 genoemd

137 3800 178 3847 als
197 3799 230 3847 de
247 3788 329 3845 Marsi
346 3808 380 3843 en
397 3795 524 3859 Paeligni.
541 3820 575 3829 -
592 3791 649 3846 184.
667 3795 814 3845 fastidia
831 3811 993 3860 quercus,
1012 3798 1049 3846 zie
1067 3798 1142 3846 Lucr.
1161 3796 1190 3859 V,
1207 3793 1265 3858 939,

139 3880 198 3928 pag.
224 3861 266 3912 44.
286 3886 318 3895 -
337 3865 368 3910 ut
388 3862 507 3911 fastidiat
524 3876 667 3924 quercum,
691 3864 739 3911 dat
757 3862 793 3926 hij
811 3864 843 3912 de
860 3864 955 3926 aikets,
979 3864 1024 3914 die
1041 3862 1078 3927 hij
1094 3877 1207 3924 vroeyer
1222 3868 1265 3922 at,
