2850 4409
629 166 684 222 159

257 348 313 408 100
334 349 417 408 color
437 368 516 409 unus
535 350 615 409 inest
636 352 740 423 rebus,
762 352 952 428 tenebrisque
973 359 1118 428 teguntur

188 429 240 487 490
296 429 401 488 omnia.
422 430 482 488 iam
502 431 610 505 vigiles
630 431 800 491 conticuere
820 449 918 490 canes.

257 509 314 567 alta
333 509 414 569 iacet
434 511 510 569 vasti
533 529 623 587 super
643 529 693 569 ora
714 511 872 588 Typhoeos
893 513 1004 583 Aetna,

295 588 381 648 cuius
400 590 548 649 anhelatis
567 589 689 666 ignibus
708 592 795 650 ardet
814 593 933 650 humus.

256 668 317 728 illio
336 670 472 729 accendit
492 670 626 745 geminas
647 689 700 747 pro
722 672 859 747 lampade
880 671 985 747 pinus:

294 749 364 807 hinc
385 750 503 809 Cereris
523 751 615 809 sacris
635 769 716 810 nunc
738 770 857 828 quoque
878 752 964 810 taeda
985 752 1082 811 (10000.

185 828 237 884 495
257 834 302 886 000
321 847 429 905 specus
450 830 535 888 exesi
556 836 705 889 structura
727 831 855 907 pumicis
875 849 978 907 asper,

295 927 352 967 000
372 910 485 968 homini
506 911 603 986 regie,
623 929 681 969 000
703 911 841 970 adeunda
861 912 956 970 ferae:

256 1007 313 1064 quo
334 989 423 1048 simul
444 990 595 1063 0000010,
616 992 748 1049 frenatos
768 992 905 1049 curribus
925 1009 1040 1067 angues

293 1067 391 1144 iungit
411 1076 442 1128 et
462 1088 623 1146 aequoreas
644 1071 723 1129 sicca
743 1077 877 1147 pererrat
896 1090 997 1149 aquas.

256 1148 360 1224 effugit
380 1155 411 1207 et
433 1149 537 1223 Syrtes
558 1157 589 1209 et
609 1159 655 1221 te,
678 1151 821 1210 Zanclaea
842 1151 1024 1226 Charybdis,

185 1226 236 1284 500
294 1235 326 1288 00
346 1246 413 1302 000,
434 1228 552 1303 Nisaei,
572 1231 714 1305 nauh-aga
736 1238 881 1302 monstra,
904 1250 1008 1304 canes,

255 1307 496 1386 Hadriacumque
516 1315 622 1386 patens
642 1310 717 1383 late,
740 1311 942 1387 bimaremque
963 1311 1135 1370 Corinthon.

294 1388 338 1447 sic
359 1389 441 1448 00010
462 1390 500 1448 ad
520 1397 639 1465 portus,
661 1391 761 1449 Attica
781 1397 875 1463 terra,
897 1400 972 1450 tuos.

254 1468 303 1527 hic
322 1469 452 1544 primum
474 1469 552 1529 sedit
573 1470 673 1545 gelido
693 1471 891 1529 maestissima
913 1489 1003 1547 saxo,

292 1549 368 1606 illud
391 1549 571 1626 Cecropidae
592 1569 810 1627 huncquoque
832 1551 918 1610 triste
938 1558 1053 1610 vocant.

182 1626 234 1686 505
255 1629 309 1688 sub
330 1629 400 1688 Iove
421 1629 541 1688 duravit
561 1630 664 1688 multis
685 1630 797 1688 inmota
818 1630 924 1689 diebus

292 1714 323 1767 et
342 1709 431 1767 lunae
452 1709 568 1785 patiens
590 1716 620 1768 et
640 1710 781 1785 pluvialis
801 1729 903 1787 aquae.

252 1788 313 1846 fors
334 1806 388 1846 sua
408 1789 517 1865 cuique
537 1790 602 1848 loco
623 1796 677 1848 est.
698 1809 758 1867 quo
779 1808 858 1849 nuno
879 1791 1004 1850 Cerialis
1024 1791 1164 1862 Eleusin,

292 1868 403 1927 dicitur
420 1869 479 1927 hoc
500 1869 581 1928 Celei
602 1888 671 1928 rura
691 1869 786 1929 fuisse
807 1870 895 1929 senis.

251 1947 304 2007 ille
325 1949 447 2007 domum
467 1948 592 2024 glandes
613 1967 803 2027 excussaque
824 1969 905 2009 mora
925 1951 1039 2009 rubetis

179 2026 232 2083 510
291 2033 391 2103 portat
411 2034 442 2087 et
461 2030 574 2087 arsuris
594 2029 677 2087 arida
696 2030 779 2105 ligna
799 2031 881 2089 iocis

252 2108 313 2165 iilia
334 2126 425 2183 parva
446 2108 521 2167 duas
542 2108 695 2184 redigebat
716 2128 790 2185 rupe
811 2111 956 2186 capellas,

113 2256 252 2270 Ἣ

39 2347 40 2378 ³
112 2360 172 2397 0000
188 2353 346 2401 constructie
364 2367 412 2401 zou
431 2353 489 2401 hier
501 2358 606 2402 moeten
619 2359 696 2403 staan
711 2355 796 2402 sive.
808 2356 897 2403 ‚sire
910 2379 943 2387 -—
955 2350 1012 2405 491.
1030 2354 1210 2417 Typhoeos,

114 2408 235 2478 Τυφωέος,
261 2420 313 2469 ion.
337 2424 425 2482 genet.
449 2434 499 2468 000
527 2416 669 2482 Τυφωεύς,
695 2435 745 2468 000
769 2436 833 2471 zoon
857 2435 907 2469 van
931 2421 1002 2470 Gaea
1019 2436 1053 2470 en
1070 2421 1211 2483 Tartarus,

111 2487 155 2530 met
168 2482 213 2533 100
229 2484 443 2548 vuurspuwende
460 2486 680 2549 drahenhoppen,
697 2502 731 2550 op
745 2488 813 2536 wien
826 2486 892 2536 Zeus
904 2488 956 2536 den
969 2489 1054 2536 Aetna
1066 2488 1211 2548 00000100,

111 2549 185 2598 omdat
195 2550 221 2601 T.
235 2553 282 2601 het
294 2552 421 2615 gewaagd
434 2553 485 2601 had
496 2557 551 2601 met
561 2554 621 2601 hem
631 2568 673 2602 om
684 2554 716 2601 de
726 2554 1004 2618 wereldheerschappij
1015 2555 1212 2619 0000011000.-

110 2609 163 2665 494.
178 2616 225 2666 Zoo
241 2618 277 2683 hij
296 2619 328 2667 de
346 2618 527 2668 Eleusinische
545 2622 705 2682 mysteriis,
723 2621 773 2683 vgl.
792 2619 848 2669 536.
864 2646 897 2654 -
915 2617 980 2671 497.
999 2636 1141 2684 angues,
1160 2624 1210 2684 vgl.

110 2678 244 2749 11000011,
262 2684 313 2734 619
330 2699 365 2734 00
383 2685 456 2748 Vlll,
475 2684 530 2734 795.
548 2711 582 2719 -
599 2682 664 2736 499.
683 2687 815 2749 Syrtes,
835 2691 883 2749 vgl.
902 2689 990 2737 Amor.
1009 2689 1045 2749 ll,
1063 2688 1103 2750 11,
1121 2688 1161 2739 90.
1178 2714 1212 2722 -

110 2742 161 2798 5011.
184 2751 300 2801 1110001
317 2788 339 2800 ..
355 2766 470 2801 canes:
496 2754 529 2801 de
553 2753 654 2816 Scylla,
677 2768 728 2802 000
751 2759 869 2802 monster
893 2762 948 2803 met
971 2754 1003 2803 ta
1026 2762 1120 2804 000000
1144 2755 1211 2804 000

109 2815 263 2882 schrilkelijh
280 2819 358 2881 lange
372 2820 479 2881 halzen,
496 2834 619 2868 waaraan
631 2835 697 2868 even
710 2835 756 2869 000
768 2822 824 2869 0010
838 2821 1038 2883 00000100000;
1055 2823 1104 2885 vgl.
1118 2820 1212 2884 Odyss.

109 2878 158 2944 llll,
178 2882 209 2932 89
231 2899 304 2948 seqq.
333 2884 367 2949 Zij
392 2900 446 2934 was
471 2886 1210 2951 00130000100030000000000οε0000000000000000

110 2956 219 3013 geweest,
236 2966 312 3000 maar
329 2952 393 3000 door
409 2949 483 3001 Circe
499 2953 528 3001 01
544 2953 703 3015 Amphitrite
721 2954 762 3002 uit
776 2954 968 3014 jaloerschheid
986 2954 1014 3002 10
1031 2969 1080 3002 000
1093 2960 1213 3003 monster

110 3017 248 3081 reranderd,
273 3019 321 3067 dat
344 3032 394 3066 van
418 3018 502 3067 boven
526 3020 618 3068 echter
634 3034 686 3082 nog
704 3021 751 3068 het
766 3021 881 3069 lichaam
899 3035 950 3069 van
967 3036 1032 3069 eene
1050 3037 1140 3071 vrouw
1158 3021 1210 3068 had

39 3141 40 3146 ¹
109 3077 238 3133 behoudeu.
265 3085 402 3136 Wanneer
425 3083 497 3135 Ovid.
522 3087 587 3134 haar
607 3086 665 3135 hier
682 3086 772 3135 Nisaei
788 3102 866 3136 canes
884 3093 987 3149 noemt,
1010 3088 1155 3136 verwisselt
1172 3087 1208 3150 hij

111 3145 161 3196 haar
176 3156 229 3200 met
246 3150 349 3214 Scylla,
374 3152 406 3200 de
424 3152 534 3202 dochter
551 3167 601 3200 van
618 3152 711 3215 Nisus,
736 3154 787 3202 den
806 3169 869 3202 zoon
887 3169 936 3202 van
956 3154 1087 3217 Pandion,
1111 3154 1211 3214 honing

110 3212 130 3260 in
148 3215 260 3281 Megara,
285 3218 341 3280 die,
365 3218 456 3267 omdat
480 3218 510 3282 zij
535 3219 618 3267 haren
642 3220 722 3268 vader
738 3220 852 3283 doodde,
876 3221 903 3269 in
921 3235 970 3269 000
989 3222 1060 3271 visch
1077 3222 1106 3271 01
1122 3223 1209 3283 rogel,

110 3277 161 3330 Ciris
176 3285 317 3347 genoemd,
336 3285 511 3346 veranderde,
529 3283 602 3335 Orid.
620 3284 727 3335 Metam.
745 3286 818 3349 Vlll,
835 3286 851 3335 6
869 3302 942 3351 seqq.
957 3313 991 3322 -
1008 3283 1073 3338 504.
1091 3289 1210 3336 00100οε

110 3344 172 3398 Ceres
188 3356 228 3400 zat
244 3346 399 3414 ἀγέλαστος,
417 3351 514 3414 Hymn.
532 3352 559 3399 in
578 3350 634 3400 Cer.
653 3368 689 3401 vs.
707 3352 764 3401 000.
783 3353 932 3416 Hesychius
949 3359 1020 3417 zegt,
1038 3356 1084 3403 dat
1098 3356 1130 3404 de
1143 3359 1211 3417 rots,

110 3426 194 3479 waarop
216 3417 296 3467 Ceres
317 3422 360 3466 zat
376 3432 408 3466 en
427 3418 469 3466 die
485 3418 514 3467 in
530 3418 618 3467 Attica
634 3420 678 3482 lag
694 3417 741 3483 (bij
761 3418 874 3481 Eleusis)
896 3416 1082 3483 ἀγέλαστος
1105 3417 1210 3485 πέτρα

40 3531 41 3534 ,
110 3488 217 3537 yenoemd
235 3484 316 3533 werd.
334 3509 368 3517 -
385 3480 449 3534 505.
473 3484 534 3533 sub
553 3485 643 3546 love,
667 3486 683 3534 i.
702 3501 724 3533 0.
743 3487 792 3535 sub
809 3488 895 3547 caelo,
914 3488 963 3550 vgl.
983 3488 1058 3537 Lucr.
1077 3489 1101 3551 l,
1119 3488 1159 3537 22.
1177 3515 1211 3522 -

109 3541 159 3598 507.
185 3565 261 3614 quo,
289 3551 314 3598 d.
339 3551 356 3598 i.
380 3565 433 3613 quo
457 3553 526 3612 loco,
550 3551 604 3600 nbi.
627 3577 661 3585 -
683 3552 839 3601 Eleusin:
868 3553 908 3601 dit
931 3554 953 3602 is
976 3555 1004 3602 in
1029 3556 1048 3603 ’0
1065 3555 1153 3620 Latijn
1179 3557 1210 3604 de

40 3615 41 3660 i
109 3627 197 3672 geuene
218 3632 294 3666 vorm
318 3632 370 3665 van
393 3618 444 3666 den
468 3618 647 3667 nominativus
670 3619 728 3667 niet
749 3619 864 3680 EleusiS,
890 3622 974 3669 zooals
991 3621 1018 3669 in
1037 3622 1056 3669 't
1073 3620 1209 3672 Griehsch.

40 3713 42 3792 1

110 3677 198 3733 Cerialis
214 3684 339 3740 Eleusin,
358 3684 405 3731 het
421 3683 524 3732 Eleusis
541 3699 592 3732 van
610 3684 695 3734 Ceres.
713 3710 746 3718 —
764 3681 828 3735 508.
848 3686 922 3748 000,
940 3688 984 3736 nl.
1003 3690 1066 3736 loco.
1079 3713 1113 3722 —
1127 3689 1209 3737 dici-

110 3750 153 3796 tur
166 3751 185 3798 is
201 3751 259 3800 hier
275 3749 473 3813 onpersoonlijh
490 3752 708 3812 geconstrueerd,
727 3757 780 3800 wat
797 3751 888 3800 zelden
902 3754 1047 3803 voorhomt.
1059 3778 1092 3786 —
1104 3752 1212 3803 Celei:

40 3797 42 3862 1
109 3808 198 3875 Kitios,
220 3832 275 3866 was
299 3817 332 3865 de
356 3831 434 3864 naam
455 3831 506 3865 van
524 3817 574 3864 den
592 3818 730 3880 gastheer,
753 3818 787 3882 bij
806 3817 874 3865 wien
893 3819 1018 3869 Demeter
1034 3834 1084 3868 een
1101 3820 1208 3882 gasturij

109 3882 198 3932 onthaal
219 3884 304 3932 000ος
329 3883 438 3945 volgens
461 3883 558 3932 andere
582 3898 662 3946 sagea
686 3899 740 3932 was
764 3884 799 3947 hij
818 3883 850 3931 de
869 3891 940 3934 vorst
957 3900 1007 3935 van
1026 3887 1072 3933 het
1089 3886 1159 3934 land.
1178 3912 1212 3919 -
