2850 4409
697 202 756 259 214

325 393 514 461 cunctorum,
535 387 752 464 minimumque
773 393 879 446 tenens
900 387 964 445 dux
985 387 1052 463 ipse
1073 386 1201 466 liquoris

248 468 306 527 505
326 467 492 526 invidiosus
512 474 584 527 erat.
606 485 725 541 „mene,
746 467 859 543 inquit,
883 467 1016 543 degener
1035 485 1130 526 unum

326 547 413 607 miles
433 548 465 605 in
486 549 542 606 hac
561 549 649 606 turba
668 565 797 606 vacuum
818 546 929 606 virtute
949 546 1085 623 putasti?

326 644 422 704 usque
442 627 516 686 adeo
537 627 636 685 mollis
655 627 821 704 primisque
842 626 992 685 caloribus
1012 626 1110 703 impar

255 780 257 783 Ι
326 725 394 765 snm
414 707 519 766 visus?
539 711 650 783 quanto
670 724 766 782 poena
786 712 821 765 tu
842 706 961 782 dignior
980 705 1040 765 ista
1060 724 1109 780 ea,

326 786 379 863 qui
398 787 509 862 populo
530 786 650 846 sitiente
670 786 791 845 bibas!'²
814 785 858 846 sio
880 785 1016 845 concitus
1036 786 1082 845 ira

248 866 306 925 510
327 867 462 925 excussit
481 867 611 941 galeam,
634 866 813 943 suffecitque
834 866 972 924 omnihus
993 865 1082 925 unda.

367 945 497 1005 Ventum
513 952 577 1005 erat
589 946 628 1004 ad
641 946 801 1022 templum,
816 945 940 1020 Libycis
954 945 1035 1022 quod
1046 944 1188 1020 gentibus
1199 963 1309 1005 unum

326 1025 433 1084 inculti
454 1025 648 1085 Garamantes
668 1027 793 1099 habent,
815 1030 875 1084 stat
896 1025 1024 1100 sortiger
1043 1025 1114 1084 istic

326 1104 477 1181 Iuppiter,
497 1112 532 1164 ut
552 1111 731 1178 memorant,
754 1105 808 1163 sed
828 1123 887 1163 non
907 1111 960 1163 aut
979 1104 1108 1164 fulmina
1128 1104 1273 1180 vibrante,

327 1191 379 1243 aut
400 1185 507 1243 similis
527 1190 642 1258 nostro,
665 1185 719 1244 sed
739 1185 827 1243 tortis
848 1185 988 1244 cornibus
1008 1185 1166 1243 Hammon.

248 1265 307 1322 515
326 1282 387 1323 non
406 1265 470 1324 illio
489 1265 620 1338 Libycae
641 1271 808 1340 posuerunt
828 1265 902 1323 ditia
922 1270 1029 1340 gentes

302 1374 303 1377 ¹
327 1345 453 1420 templa:
475 1363 531 1403 nec
550 1345 621 1403 Eois
643 1344 804 1420 splendent
825 1345 946 1403 donaria
966 1343 1102 1419 gemmis.
1124 1378 1165 1386 -

327 1425 463 1501 quamvis
484 1425 665 1500 Aethiopum
686 1424 806 1501 populis
826 1426 1018 1501 Arabumque
1039 1423 1135 1483 beatis

326 1504 467 1579 gentibus
486 1511 576 1581 atque
597 1504 681 1562 Indis
701 1522 781 1563 unus
802 1504 843 1563 sit
862 1504 1001 1581 Iuppiter
1020 1504 1186 1577 Hammon,

326 1602 441 1660 pauper
460 1584 559 1643 adhuc
579 1584 654 1661 deus
675 1589 737 1657 est,
757 1584 850 1643 nullis
871 1584 981 1643 violata
1001 1602 1056 1661 per
1076 1601 1186 1642 aevum

247 1664 306 1722 520
327 1664 441 1722 divitiis
462 1664 586 1722 delubra
605 1670 727 1736 tenena,
747 1682 924 1741 morumque
943 1664 1078 1740 priorum

327 1761 438 1802 numen
459 1744 590 1802 Romano
611 1744 758 1820 templum
779 1744 915 1803 defendit
935 1746 971 1803 ab
992 1762 1072 1802 auro.

328 1841 395 1882 esse
416 1823 492 1882 locis
513 1840 637 1899 superos
657 1828 787 1882 testatur
809 1824 899 1894 silva,
920 1841 1115 1899 peromnem

328 1904 392 1962 sola
411 1904 512 1962 virens
533 1902 658 1977 Libyen.
680 1921 749 1961 nam
770 1903 919 1980 quidquid
939 1904 1065 1979 pulvere
1086 1903 1166 1962 sicco

328 1989 447 2058 separat
465 1982 620 2041 ardentem
640 1983 745 2058 tepida
765 1983 944 2042 Berenicida
964 1982 1068 2060 Lepti,

250 2062 308 2120 525
328 2063 446 2138 ignorat
464 2063 601 2121 frondes:
624 2063 706 2121 solus
727 2080 834 2121 nemus
854 2063 980 2122 abstulit
1000 2063 1156 2122 Hammon.

330 2143 472 2202 silvarum
492 2143 560 2201 fons
580 2160 669 2201 causa
690 2144 770 2216 loco,
792 2143 844 2219 qui
864 2143 966 2218 putria
985 2149 1082 2202 terrae

328 2223 441 2297 adligat
461 2228 492 2281 et
512 2222 638 2281 domitas
659 2223 739 2281 unda
759 2222 909 2282 connectit
929 2240 1043 2282 arenas.

170 2451 285 2513 soldaat,
315 2451 357 2498 die
386 2451 448 2499 hem
478 2451 524 2499 het
552 2455 636 2499 water
663 2449 766 2499 braeht.
790 2474 825 2482 -
849 2446 905 2500 512.
938 2449 1181 2499 Garamantes:
1211 2451 1240 2499 in
1270 2453 1311 2502 de

171 2531 251 2565 oasen
273 2518 320 2566 der
342 2517 475 2580 woestijn,
499 2517 541 2566 die
564 2516 606 2580 wij
630 2520 686 2564 met
701 2530 752 2564 een
770 2516 932 2566 Arabischen
950 2531 1029 2566 naam
1048 2516 1149 2566 Sahara
1167 2531 1311 2584 noemen,

171 2584 299 2632 woonden
322 2588 389 2633 twee
407 2584 515 2632 volhen:
540 2581 669 2646 westelijk
687 2583 720 2631 de
738 2582 891 2646 Gaetuli,
915 2583 1035 2648 oostelijh
1055 2584 1088 2632 de
1105 2582 1310 2634 Garaman-

171 2656 232 2699 tes
254 2675 288 2683 —
310 2647 367 2700 514.
392 2650 551 2698 Hammon
575 2651 604 2698 of
624 2649 739 2698 Ammon
762 2648 886 2712 (Aegypt.
910 2649 997 2699 Arnon
1020 2650 1049 2699 of
1064 2650 1165 2712 Amen,
1188 2652 1311 2714 volgens

172 2715 297 2765 Manetho
319 2718 368 2780 „de
385 2715 585 2779 verborgene’'),
609 2716 817 2779 oorspronhelijk
834 2717 862 2764 in
880 2716 987 2765 Thebae
1004 2717 1033 2765 in
1051 2715 1219 2781 Opper-Aeg.
1238 2733 1310 2767 ver-

172 2782 247 2844 eerd,
274 2783 325 2832 had
351 2798 400 2832 een
425 2782 549 2831 beroemd
575 2783 665 2832 orakel
689 2783 718 2831 in
745 2783 776 2830 de
802 2782 933 2846 Libysche
959 2783 1095 2847 woestijn,
1126 2783 1156 2832 in
1180 2784 1214 2832 de
1238 2799 1310 2835 oase

172 2847 343 2898 Ammonium
360 2848 461 2911 (Siwa).
485 2850 521 2898 De
539 2850 588 2912 god
607 2849 677 2898 werd
697 2850 861 2912 roorgesteld
879 2854 935 2898 met
952 2851 1004 2899 den
1023 2850 1075 2913 kop
1092 2864 1144 2908 van
1162 2864 1214 2899 een
1232 2866 1308 2901 ram.

173 2913 241 2963 Door
263 2916 296 2965 de
320 2915 363 2966 Gr.
387 2917 458 2966 werd
477 2916 512 2980 hij
531 2921 588 2965 met
606 2916 685 2978 ZenS,
709 2917 773 2965 door
790 2917 822 2965 de
841 2916 916 2966 Rom.
935 2921 991 2966 met
1008 2917 1127 2980 luppiter
1144 2921 1309 2967 vereenzel-

173 2980 240 3041 vigo.
267 2982 303 3032 De
327 2982 478 3046 Latijnsche
500 2983 612 3046 spelling
630 2997 681 3031 van
698 2984 750 3031 den
768 2998 861 3045 naam,
885 2989 941 3033 met
958 2983 996 3047 H,
1019 2983 1119 3047 schijnt
1135 2998 1186 3032 een
1204 2987 1310 3050 gevolg

172 3051 199 3093 te
218 3062 305 3097 wezen
323 3065 374 3098 ran
392 3051 423 3099 de
441 3050 613 3112 veramelting
630 3064 681 3098 van
699 3050 751 3098 den
769 3050 858 3099 dienst
874 3065 926 3099 van
944 3050 1072 3112 Ammon,
1091 3055 1149 3099 met
1166 3051 1230 3099 dien
1247 3066 1308 3102 van

173 3125 222 3160 een
239 3115 443 3175 phoenicisohen
461 3117 511 3179 god
528 3116 609 3165 Baal
628 3116 817 3179 chamman,
835 3117 876 3165 die
890 3117 918 3165 in
932 3117 979 3166 het
991 3117 1191 3180 Karthaagsche
1204 3117 1308 3181 gebied

173 3176 265 3243 ijverig
291 3184 397 3232 rereerd
424 3183 503 3231 werd.
529 3208 563 3216 —
588 3179 644 3233 517.
675 3182 896 3246 Aethiopum,
926 3183 1087 3247 Arabum,
1115 3183 1225 3233 Indis:
1254 3186 1309 3235 dat

174 3243 287 3319 Ammon
311 3249 374 3298 door
396 3250 458 3298 deze
475 3249 571 3298 rolhen
589 3250 696 3298 rereerd
716 3264 763 3298 zon
781 3250 833 3313 zijn
850 3251 873 3299 is
890 3264 955 3299 eene
973 3251 1084 3313 vinding
1101 3250 1149 3299 der
1166 3250 1309 3316 Grieken,

175 3308 217 3357 dre
234 3311 257 3359 is
275 3315 438 3377 opgehomen
456 3316 519 3365 door
537 3317 588 3365 den
605 3316 680 3365 tocht
696 3331 748 3365 van
765 3316 914 3366 Alexander
928 3318 979 3365 den
994 3316 1098 3366 Groote.
1109 3342 1144 3350 -
1155 3313 1223 3368 524.
1243 3318 1308 3369 Be-

84 3403 87 3406 <
174 3377 341 3429 renicida:
365 3382 542 3431 Berenicis
566 3379 712 3445 (Βερνικίς)
737 3383 759 3432 is
782 3397 832 3432 een
852 3383 962 3447 jongere
983 3398 1018 3432 en
1036 3384 1205 3448 dichterlijke
1224 3400 1307 3436 vorm

176 3454 237 3515 voor
255 3442 431 3510 Berenice,
448 3463 557 3511 vroeger
573 3450 831 3512 Euhesperidae
850 3451 993 3514 genoemd,
1012 3465 1077 3499 eene
1094 3451 1153 3499 stad
1172 3451 1201 3499 in
1215 3450 1307 3516 Cyre·

174 3518 267 3583 narce,
288 3523 320 3570 op
343 3513 374 3560 de
398 3513 525 3563 Oostkust
548 3531 599 3564 van
623 3517 655 3563 de
678 3521 769 3579 groote
792 3516 879 3579 Syrtis
901 3520 1013 3580 gelegen
1031 3532 1065 3566 en
1082 3518 1215 3581 genoemd
1234 3533 1309 3581 naar

153 3588 155 3593 ⁴
175 3567 313 3653 Berenice,
336 3578 368 3625 de
391 3595 481 3629 vrouw
502 3596 553 3630 van
571 3583 739 3632 Ptolomaeus
753 3583 793 3632 »ΙΙΙ
811 3584 963 3647 Euergetes.
980 3609 1014 3617 —
1032 3584 1143 3646 Lepti:
1167 3599 1310 3648 ongeveer

175 3646 203 3679 ln
235 3641 248 3682 t
264 3640 371 3691 midden
393 3647 519 3695 tusschen
536 3649 569 3697 de
586 3649 662 3698 beide
680 3649 778 3712 Syrten
795 3652 839 3714 lag
856 3651 888 3699 de
904 3651 963 3699 stad
982 3650 1099 3712 Leptis
1116 3648 1249 3715 (magna).
1266 3677 1309 3687 —

213 3695 240 3747 5·
264 3701 437 3759 Hammon:
460 3712 493 3760 de
516 3728 577 3764 oase
600 3731 651 3764 ran
674 3716 803 3780 Ammon,
827 3717 890 3766 door
912 3717 945 3766 de
963 3715 1078 3766 Grieken
1096 3717 1306 3769 Ammoniou

176 3768 319 3841 Affllsselnd,
344 3774 385 3835 lag
409 3777 477 3839 niet,
501 3783 586 3830 zooals
609 3798 671 3832 men
694 3784 735 3832 nit
752 3784 814 3837 deze
832 3785 917 3846 plaats
933 3783 1065 3846 opmahen
1083 3799 1146 3847 zon,
1169 3786 1307 3836 tussehen

177 3824 301 3880 Berenice
324 3850 357 3884 en
381 3840 482 3904 LeptiS,
506 3860 580 3896 rnaar
603 3850 695 3898 verder
712 3855 880 3914 oostwaarts,
902 3864 969 3899 naar
985 3850 1107 3914 Aegypte
1123 3855 1183 3905 toe.
1205 3852 1308 3903 iubet

178 3890 320 3959 landschap
344 3902 551 3960 Marmarica.
568 3940 602 3948 —
619 3912 775 3967 528-543.
800 3917 867 3966 Deze
884 3932 949 3980 uss,
971 3917 1030 3966 hier
1046 3918 1228 3981 weggelaten,
1252 3917 1307 3968 be-
