2850 4409
629 164 684 222 1‘27

297 366 372 424 quae
392 347 453 406 nisi
472 347 553 406 iusta
574 348 692 420 subest,
713 346 831 406 excutit
850 364 932 404 arma
953 346 1057 422 pudor.

261 433 375 504 tempus
394 427 497 502 adest3
518 426 671 487 committe
691 432 787 486 rates:
810 444 865 501 ego
886 426 1029 502 temporis
1049 431 1153 484 auctor

298 507 404 568 ducam
424 506 574 582 laurigera
594 507 673 567 Iulia
693 512 790 565 rostra
810 506 928 565 manu.”

210 587 242 644 55
261 586 389 660 dixerat,
410 592 441 645 et
461 587 619 663 pharetrae
639 587 758 662 pondus
777 585 927 645 consumit
947 586 979 644 in
998 603 1101 645 arcus:

296 667 432 743 proxima
451 673 521 742 post
540 684 628 725 arcus
649 666 785 726 Caesaris
806 666 892 724 haste
912 665 978 724 fuit.

258 745 348 806 vincit
368 746 463 805 Roma
483 746 543 806 fide
564 746 692 808 Phoebi:
715 746 767 806 dat
787 745 897 805 femina
917 762 1043 821 poenas:

297 832 417 902 sceptra
436 845 492 902 per
512 826 612 885 Ionias
631 826 726 885 imota
746 826 897 885 vehuntur
916 842 1018 901 aquas.

258 911 288 964 at
306 912 391 982 pater
411 906 507 964 Idaiio
529 906 654 964 miratur
674 906 785 965 Caesar
803 906 840 964 ab
860 911 957 963 astro:

206 986 240 1044 60
297 1003 382 1061 „sum
402 986 494 1060 deus;
515 1004 553 1045 en
574 986 668 1045 nostri
689 984 844 1061 sanguinis
863 984 922 1044 ista
942 984 1047 1044 fides*

257 1065 449 1142 prosequitur
468 1072 557 1124 mutu
579 1065 696 1139 Triton,
718 1082 882 1141 omnesque
903 1064 1034 1123 marinae

296 1146 473 1223 plauserunt
492 1145 571 1205 circa
591 1145 684 1204 libera
705 1146 791 1220 signa
811 1145 892 1204 deae.

256 1225 308 1284 illa
327 1225 404 1302 petit
424 1224 529 1284 Nilum
549 1226 656 1300 cymba
677 1226 755 1283 male
777 1225 848 1283 nixa
868 1223 983 1299 fugaci,

295 1307 352 1365 hoc
372 1324 481 1378 unum,
502 1305 585 1364 iusso
606 1323 665 1364 nou
685 1305 829 1364 moritura
849 1304 907 1363 die.

204 1385 238 1442 65
257 1385 287 1443 di
306 1386 431 1445 melius!
454 1391 585 1462 quantus
606 1384 715 1444 mulier
734 1385 812 1443 foret
832 1403 890 1444 una
911 1384 1098 1459 triumphus,

295 1465 407 1524 ductus
427 1471 492 1524 erat
511 1483 566 1542 per
587 1482 662 1541 quas
682 1471 752 1524 ante
771 1464 918 1540 Iugurtha
939 1463 1011 1521 vias.

256 1545 362 1604 Actius
382 1545 454 1604 hino
474 1545 568 1603 traxit
588 1545 727 1604 Phoebus
747 1551 953 1614 monumenta,
974 1543 1055 1620 quod
1075 1543 1141 1601 eius

295 1644 355 1684 una
376 1625 481 1684 decem
502 1623 573 1683 vicit
593 1624 685 1683 missa
706 1623 815 1699 sagitta
836 1631 924 1682 rates,

121 1778 257 1790 κ.-

39 1899 41 1948 3
118 1875 210 1940 (figures
224 1879 317 1944 pictas)
334 1881 469 1930 minantes
485 1881 637 1929 centaurica
654 1894 725 1929 saxa.
742 1905 776 1914 -
793 1876 830 1930 51.
853 1893 956 1929 causa
974 1881 1010 1929 ηΙ.
1028 1894 1162 1929 waurvoor
1180 1879 1216 1942 hij

39 1951 41 2006 ζ
117 1943 292 2008 suque-53.
311 1948 476 2011 temporis
493 1951 629 2008 auctor,
645 1947 690 1995 die
707 1963 727 1994 u
744 1946 839 2006 raude,
856 1947 904 1995 dat
922 1946 967 1995 het
982 1961 1022 1994 nu
1036 1947 1070 1995 de
1082 1945 1130 2010 tijd
1143 1947 1217 1994 is.-

39 2011 40 2064 j
116 2005 152 2060 ⁵9.
174 2018 265 2075 pater
280 2051 302 2064 ..
317 2018 424 2064 astro:
449 2012 575 2063 Caesar
599 2028 631 2062 en
655 2012 794 2077 Augustus
817 2013 899 2062 lieten
923 2013 978 2062 zich
1002 2014 1059 2062 veel
1078 2020 1217 2062 morstaan

39 2083 41 2134 ξ
115 2090 141 2137 op
159 2078 187 2127 de
207 2080 341 2130 beweerde
365 2081 539 2143 afstamming
561 2094 613 2128 van
636 2081 693 2129 hun
717 2080 836 2142 gesiacht
861 2095 911 2128 ran
934 2080 1037 2142 VenuS,
1061 2079 1111 2129 nuk
1135 2078 1217 2127 idalia

39 2147 41 2228 q
114 2148 238 2259 peppemd,
254 2148 306 2212 agl.
319 2153 396 2263 taaut.
411 2145 468 2269 Oppi
481 2146 569 2261 LXI}
576 2144 674 2262 1961.ΧΙ(1
679 2147 755 2261 iim
758 2162 797 2262 pul
806 2161 842 2262 ap
847 2147 1020 2261 numnam*
1033 2148 1084 2261 wpp
1096 2145 1218 2260 Diimited⁷

114 2275 134 2352 i,
147 2227 253 2342 iiiiii
262 2228 410 2345 gaersmpnqpq
431 2281 454 2330 is
468 2228 522 2329 iiiigs
539 2228 575 2329 dec
587 2211 724 2330 conieci
739 2228 788 2329 ioan
804 2228 915 2342 daiiain,
937 2229 982 2329 irie
996 2212 1217 2342 :ieiiitoiiatque'

113 2346 256 2397 iudeorum
279 2362 424 2397 numerum
448 2348 549 2396 relatus
572 2351 626 2408 est,
650 2361 703 2396 non
726 2362 770 2396 ore
794 2347 871 2396 modo
889 2346 1102 2409 decernentium,
1126 2346 1171 2394 sed
1190 2350 1218 2393 et

112 2414 262 2471 persuasione
285 2415 363 2478 volgi.
390 2413 527 2477 Siquidem
552 2413 634 2476 rudis,
658 2428 725 2477 quos
742 2414 840 2477 primos
857 2417 1011 2463 consecrato
1026 2414 1050 2461 ei
1068 2414 1144 2462 heres
1161 2412 1217 2460 Au-

40 2475 41 2480 ’
111 2484 192 2538 gustus
213 2482 321 2544 edebat,
343 2481 422 2530 stella
444 2480 540 2530 crinita
563 2494 605 2542 per
631 2485 734 2542 septem
755 2481 895 2529 continuos
912 2481 968 2530 dies
986 2480 1073 2542 fuisit,
1097 2480 1218 2543 exoriens

111 2543 167 2593 circa
183 2549 349 2598 undecimam
368 2547 475 2610 horam,
493 2547 677 2610 creditumque
689 2552 731 2596 est
742 2547 859 2596 animam
872 2562 928 2596 esse
941 2546 1060 2596 Caesaris
1072 2548 1100 2596 in
1113 2547 1216 2596 caelum

112 2614 207 2676 recepti,
229 2620 256 2663 et
278 2615 329 2664 hac
352 2614 385 2663 de
408 2628 488 2664 causa
505 2614 647 2663 simulacro
664 2614 723 2662 eius
739 2614 767 2662 in
785 2614 883 2663 vertice
900 2614 1007 2662 additur
1023 2613 1126 2677 stella’',
1144 2612 1218 2663 Suet.

111 2674 153 2727 Vit.
173 2678 241 2730 Caes.
264 2679 306 2731 88.
327 2706 361 2715 -
383 2675 420 2730 61.
443 2681 578 2743 Triton,
602 2681 634 2728 de
658 2695 723 2730 zoon
746 2694 797 2729 van
820 2681 860 2730 Ne
878 2684 961 2730 tunus
985 2695 1018 2729 θη
1042 2680 1217 2743 Amphitrite,

111 2745 160 2804 gold
181 2762 239 2797 voor
256 2749 309 2797 den
326 2748 440 2797 daemon
457 2762 509 2796 van
526 2747 558 2795 de
576 2746 691 2796 Middell.
710 2747 766 2796 Zee.
785 2773 818 2781 -
874 2783 881 2797 .
906 2748 967 2797 hoc
985 2763 1063 2796 uno.
1088 2748 1217 2809 brachyc-

110 2810 195 2873 logisch
213 2829 287 2868 voor:
306 2815 355 2865 hoc
371 2829 456 2864 unum
471 2819 585 2877 petens
600 2814 629 2863 oi
642 2814 739 2876 petit,
757 2828 861 2877 waarop
873 2814 999 2878 eigenlijk
1012 2821 1097 2863 maest
1109 2814 1218 2876 rolgen:

110 2889 137 2923 ue
152 2880 216 2930 iusso
232 2886 383 2930 moreretur
399 2878 440 2943 (oi
455 2879 596 2940 moriatur)
613 2881 663 2929 die.
681 2905 717 2914 -
732 2875 778 2931 65.
802 2881 833 2930 di
851 2881 991 2930 melius!
1007 2881 1073 2930 Deze
1092 2881 1217 2930 uitdruh·

111 2940 164 3007 king
180 2946 251 2996 homt
267 2948 303 3012 bij
322 2947 426 3009 Cicero,
444 2947 533 2996 Livius
550 2962 583 2996 θη
601 2948 718 2996 anderen
735 2947 851 3012 dikwijis
867 2963 941 3010 soor,
959 2961 1034 2996 maur
1051 2945 1110 3010 zob,
1128 2948 1175 2996 dat
1189 2961 1217 2994 er

112 3022 152 3058 θθη
167 3014 293 3065 coniunct„
313 3014 429 3077 duint,
446 3014 541 3077 dent,
560 3018 712 3076 vertant,
730 3015 760 3063 os
774 3014 919 3079 dergelijhe
936 3014 971 3078 bij
990 3015 1104 3077 gedacht
1118 3014 1218 3075 wurdt,

113 3077 190 3128 zoodat
210 3082 241 3130 de
263 3082 405 3144 bedoeling
427 3081 463 3130 is:
487 3081 534 3130 dat
556 3094 654 3143 inopen
676 3081 710 3130 dc
732 3082 819 3142 rouen
834 3082 991 3131 verhoeden.
1020 3081 1083 3130 Hier
1099 3085 1158 3144 past
1176 3081 1217 3128 die

112 3140 247 3197 beteehenis
264 3149 335 3209 niet,
353 3161 427 3196 mear
445 3149 495 3196 wel
512 3162 562 3196 een
580 3148 700 3197 wensch:
719 3148 751 3195 di
769 3148 894 3197 melius
911 3148 1094 3197 fecissent!
1113 3163 1142 3189 =
1162 3147 1216 3195 uti-

113 3222 162 3259 num
185 3214 258 3263 dm.
277 3216 295 3265 f.
322 3214 446 3263 Anderen
464 3227 578 3263 meenen
594 3214 641 3263 dat
657 3215 807 3277 aaugevuld
825 3220 897 3264 moet
915 3215 1021 3264 worden
1038 3215 1071 3264 di
1093 3214 1219 3262 melius

114 3274 263 3331 iecerunt.
290 3282 348 3330 Dan
375 3287 447 3330 meet
472 3281 519 3329 het
543 3281 672 3344 volgende
698 3286 810 3344 opgevat
836 3282 943 3331 worden
968 3282 1037 3330 alsof
1058 3283 1090 3330 de
1114 3281 1218 3330 dichter

113 3356 196 3417 beggen
211 3349 303 3397 wilde:
321 3348 342 3396 't
358 3361 428 3396 ware
446 3347 507 3397 toch
524 3347 574 3396 ooli
592 3363 667 3397 maer
684 3362 734 3396 een
751 3348 839 3397 hleine
857 3349 976 3411 triumph
995 3353 1117 3411 geweest.
1143 3348 1219 3396 Maar

113 3410 187 3461 mdien
209 3415 254 3464 dut
276 3415 324 3464 des
347 3414 464 3464 dichters
486 3414 611 3478 meening
633 3420 750 3478 geweest
772 3429 856 3479 ware,
881 3430 929 3464 zou
948 3415 984 3480 hij
1003 3416 1060 3464 niet
1077 3416 1216 3477 mulier,

113 3489 174 3526 maur
195 3480 320 3530 semina
342 3480 468 3545 gebruikt
490 3481 595 3529 hebben
615 3482 677 3545 (agl.
695 3497 733 3530 vs.
750 3481 783 3530 22
800 3496 833 3530 θη
852 3481 896 3542 57)
914 3497 947 3531 en
965 3487 1012 3531 ten
1028 3483 1150 3531 tweeden
1168 3498 1217 3532 zou

113 3541 141 3606 hij
163 3546 299 3598 daarmede
322 3547 468 3611 Augustus’
491 3547 630 3611 bedoeling
652 3548 798 3611 afgekenrd
823 3548 940 3611 hebben,
964 3549 1060 3614 terwiji
1080 3550 1147 3612 juist
1171 3551 1218 3599 het

113 3610 206 3668 geheeie
227 3614 335 3677 gedicht
356 3628 422 3663 eene
444 3615 543 3664 lofrede
567 3615 590 3663 is
606 3628 639 3677 op
656 3614 723 3678 Aug.
750 3615 861 3664 [mmers
879 3616 945 3679 Aug.
964 3616 1016 3665 had
1034 3619 1084 3665 wei
1101 3616 1216 3680 degeiijh

113 3675 138 3751 de
151 3678 285 3745 bedoeling
301 3679 441 3743 Cleopatra
457 3682 551 3730 levend
570 3681 598 3730 in
616 3681 702 3745 zijnen
720 3681 916 3744 triumphtocht
932 3683 1008 3732 mede
1027 3688 1053 3732 te
1072 3698 1167 3732 voeren
1182 3698 1216 3731 θη

113 3741 151 3792 het
172 3761 204 3795 na
228 3748 313 3797 haren
339 3748 404 3796 dood
432 3762 484 3810 nug
509 3748 575 3797 haar
599 3748 675 3797 beeld
702 3749 868 3812 ronddragen
894 3747 957 3813 (vgl.
984 3748 1013 3812 3,
1037 3749 1084 3811 ii,
1107 3748 1159 3808 53).
1184 3776 1218 3784 -

113 3802 149 3858 dd.
164 3813 284 3864 ductus
300 3818 390 3877 erat,
408 3828 471 3862 voor
487 3815 510 3863 si
526 3814 607 3864 ducta
623 3815 692 3864 foret
709 3830 755 3877 per
772 3830 817 3865 eas
834 3816 889 3864 vias
905 3831 951 3879 per
963 3832 1030 3880 quas
1043 3817 1138 3865 ductus
1150 3820 1215 3864 erat.

113 3873 197 3929 Marius
218 3881 312 3930 voerde
335 3880 348 3929 i
374 3880 428 3929 lan.
446 3879 496 3929 tut
514 3897 536 3929 v.
555 3879 615 3931 Chr.
634 3881 686 3930 den
703 3896 841 3945 gevangen
859 3882 1052 3932 Numidischen
1070 3883 1169 3939 koning
1187 3882 1214 3928 in
