2850 4409
724 138 778 193 112

390 322 512 379 flumina
534 322 669 380 Threicia
690 323 869 381 sustinuisse
890 324 971 397 lyra:

218 400 221 411 “
286 435 290 438 -
350 419 422 459 saxa
444 402 629 461 Cithaeronis
651 402 767 461 Thebas
787 403 898 478 agitata
918 422 972 479 per
992 410 1086 462 artem

390 488 497 557 sponte
517 499 569 539 sua
589 482 619 539 in
643 483 719 564 muri
741 484 872 541 membra
892 483 987 542 coisse
1008 487 1122 543 ferunt:

290 562 329 618 45
350 561 422 637 quin
443 562 547 633 etiam,
569 562 768 637 Polypheme,
790 564 853 621 fera
874 561 996 622 Galatea
1018 565 1072 622 sub
1093 566 1187 623 Aetna

389 642 426 699 ad
449 648 500 699 tua
521 650 654 700 rorantes
675 642 806 700 carmina
826 643 913 701 flexit
933 662 1040 720 equos:

351 721 507 785 miremur.
528 722 613 780 nobis
634 728 665 780 et
685 722 802 781 Baccho
823 729 854 781 et
874 724 1013 798 Apolline
1035 725 1155 796 dextro,

391 802 477 859 turba
498 802 666 876 puellarum
688 802 712 860 si
736 821 800 860 mea
822 804 911 861 verba
932 804 1022 862 colit?
1415 841 1416 886 3

350 882 428 957 quod
451 900 507 939 non
530 882 681 940 Taenariis
702 883 809 941 domus
830 890 877 942 est
898 883 970 942 mihi
991 886 1067 942 fulta
1085 885 1260 959 columnis,
1321 905 1327 916 ’
1415 891 1416 908 ’

291 962 329 1019 all
390 980 445 1019 uec
465 980 581 1020 camera
601 970 720 1020 auratas
740 963 819 1021 inter
839 964 951 1022 eburna
972 966 1084 1036 trabes,

327 1114 329 1122 .
350 1059 404 1099 nec
425 1060 490 1100 mea
511 1041 660 1100 Phaeacas
680 1049 810 1119 aequant
829 1044 961 1119 pomaria
983 1044 1088 1116 silvaS,

390 1134 455 1179 non
469 1139 591 1197 operosa
612 1122 689 1196 rigat
711 1123 840 1181 Marcius
860 1130 944 1182 antra
964 1124 1077 1201 liquor,

350 1207 380 1258 at
401 1201 504 1259 Musae
526 1202 651 1261 comites
672 1209 703 1260 et
723 1203 854 1261 carmina
875 1222 942 1261 cara
962 1205 1087 1279 legenti,

389 1288 420 1340 et
440 1281 558 1340 defessa
579 1282 677 1340 choris
699 1283 848 1359 Calliopea
872 1284 953 1342 meis,

291 1363 329 1418 oo
349 1362 512 1434 fortunata,
534 1380 600 1420 meo
622 1361 646 1419 si
669 1370 794 1439 quaest
816 1364 963 1422 celebrata
985 1364 1101 1423 libello!

390 1442 520 1499 carmina
541 1449 628 1500 eurnt
649 1443 761 1501 formae
782 1449 826 1501 tot
847 1452 1037 1502 rnonumenta
1059 1451 1136 1503 tuae.

350 1540 418 1579 nam
438 1540 535 1598 neque
556 1522 747 1597 pyramidum
769 1531 907 1598 sumptus
928 1524 966 1581 ad
987 1525 1085 1583 sidera
1107 1525 1208 1597 ducti,

390 1620 445 1660 nec
467 1602 547 1659 lovis
568 1602 633 1660 Elei
655 1603 771 1660 caelum
792 1603 907 1661 imitata
928 1604 1049 1676 domim,

350 1700 406 1739 uec
426 1682 570 1740 Mausolei
592 1682 676 1740 dives
697 1683 816 1741 fortuna
838 1684 967 1759 sepulcri

291 1762 328 1818 bo
391 1762 495 1820 mortis
515 1763 551 1820 ab
573 1771 707 1820 extrema
728 1763 901 1821 condicione
923 1773 1035 1822 vacant.

350 1848 402 1899 aut
422 1841 484 1899 illis
504 1843 622 1899 flamma
644 1850 695 1900 aut
716 1842 812 1901 imber
833 1844 980 1902 subducet
1000 1845 1142 1913 honoreS,

390 1940 533 1979 annorum
555 1929 607 1981 aut
627 1922 692 1997 ipso
713 1924 845 1998 pondere
866 1924 944 1982 victa
966 1932 1061 1983 ruent.

351 2008 381 2059 at
402 2020 460 2059 non
480 2002 600 2076 iugenio
621 2003 791 2079 quaesitum
810 2021 919 2062 nomen
940 2005 976 2062 ab
997 2023 1070 2063 aevo

391 2082 523 2140 excidet:
545 2082 665 2157 ingenio
687 2088 747 2140 stat
768 2083 831 2140 sine
854 2089 947 2142 morte
969 2085 1069 2142 decus.

190 2391 294 2450 (lieren,
318 2390 430 2439 boomeu
450 2406 483 2437 en
501 2391 614 2438 rivieren
634 2391 810 2452 medesleepte
828 2406 861 2439 en
880 2392 943 2440 uelis
962 2393 1027 2455 zijne
1045 2394 1161 2454 gemalin
1180 2394 1321 2455 Eurydice

191 2457 231 2504 uit
248 2458 299 2504 deu
317 2456 403 2505 Hades
419 2458 601 2519 terughaulde.
619 2458 751 2519 Amphion
770 2472 817 2505 rou
836 2459 898 2506 door
916 2459 963 2506 het
979 2461 1034 2520 spel
1053 2459 1134 2522 zijner
1151 2462 1209 2520 lyra
1222 2460 1321 2512 Thebe

190 2528 246 2572 met
263 2539 358 2571 rnuren
376 2537 502 2586 omgeven
523 2524 633 2573 hebben.
652 2550 685 2557 -
701 2520 748 2574 45.
768 2524 987 2587 Polypheme:
1007 2525 1039 2573 de
1056 2528 1163 2589 cycloop
1180 2527 1320 2590 Polyphe-

191 2605 264 2646 mus,
283 2590 342 2637 dien
361 2589 494 2652 Odysseus
513 2591 558 2638 het
575 2606 625 2652 oog
642 2591 812 2653 uitbrandde,
832 2591 954 2640 beminde
973 2591 1095 2653 Galatea,
1114 2608 1180 2641 eene
1196 2598 1319 2657 nymph,

191 2657 301 2704 dochter
317 2672 367 2705 rau
385 2657 487 2706 Nereus
505 2673 538 2704 en
557 2657 643 2718 Doris3
668 2657 698 2721 zij
720 2659 770 2706 had
789 2672 837 2706 een
857 2659 998 2721 heiligdom
1017 2674 1049 2720 op
1067 2660 1099 2707 de
1118 2661 1212 2709 Aetna.
1238 2660 1317 2711 Ovid.

191 2724 297 2771 Metam.
315 2724 390 2784 Xlll,
409 2723 457 2772 750
471 2728 546 2786 seqq.
565 2750 598 2757 -
615 2720 661 2774 46.
683 2739 801 2786 equos,
820 2726 945 2788 namelijh
965 2726 996 2773 de
1014 2727 1188 2788 zeepaarden,
1207 2743 1318 2791 waarop

191 2790 221 2853 ziJ
241 2791 309 2838 reed.
327 2816 360 2824 -
377 2787 423 2840 47.
451 2792 570 2839 dextro
590 2807 619 2833 =
637 2792 751 2839 favente.
769 2816 802 2824 —
820 2787 866 2841 49.
891 2792 1085 2841 Taenariis:
1110 2808 1160 2841 van
1179 2794 1231 2842 den
1249 2795 1318 2856 berg

190 2857 325 2905 Taenarus
342 2858 369 2905 in
388 2858 500 2906 Laconia
517 2858 618 2920 huam,
637 2859 746 2920 volgens
764 2859 866 2906 Plinius
884 2858 949 2907 Hist.
965 2859 1025 2908 Nat.
1040 2859 1086 2921 lV,
1102 2859 1147 2921 la,
1166 2875 1215 2909 een
1231 2863 1308 2922 heop-

191 2924 327 2985 geschatte
346 2931 416 2972 soort
434 2939 483 2971 van
502 2931 583 2972 awai-t
600 2939 728 2973 marmor:
749 2928 798 2985 val.
816 2925 870 2973 Tib.
889 2925 940 2986 lll,
957 2924 986 2987 3,
1004 2923 1044 2973 13.
1058 2952 1090 2959 -
1105 2922 1151 2976 5⁰.
1170 2935 1315 2976 auratas

191 2991 321 3053 trabes,
349 2994 398 3055 vgl.
423 3006 509 3039 annm.
534 2991 568 3054 bij
594 2992 668 3040 Lucr.
693 2992 730 3053 ll,
755 2990 794 3040 28.
819 3018 852 3024 —
875 2988 911 3042 51.
939 2993 1111 3042 Phaeacas
1133 2995 1255 3043 silvas:
1282 2997 1314 3043 de

192 3058 284 3106 tuinen
300 3069 358 3106 ¹van
382 3059 519 3120 Alcinoiis,
547 3059 647 3120 honing
669 3059 716 3107 der
741 3059 895 3120 Phaeaken,
920 3059 1034 3119 droegen
1058 3060 1091 3107 de
1115 3061 1254 3109 schoonste
1279 3075 1313 3110 en

191 3126 291 3173 edelste
318 3125 532 3174 rruchtboomeu.
560 3125 634 3173 Hom.
661 3124 753 3187 Odyss
781 3125 840 3185 Vll,
867 3124 1008 3174 lla-132.
1031 3152 1064 3159 —
1090 3124 1135 3177 52.
1162 3127 1314 3177 Marcius

192 3193 320 3255 liquor:
347 3192 374 3249 Q.
394 3192 507 3240 Marcius
531 3192 584 3240 Rex
606 3192 681 3252 legde
699 3206 764 3239 eene
782 3192 965 3255 waterleiding
982 3207 1031 3241 aan
1051 3207 1101 3242 ran
1121 3193 1161 3241 uit
1178 3209 1228 3243 een
1247 3195 1312 3243 bron

191 3259 218 3305 iu
242 3259 260 3306 ’t
278 3259 370 3320 gebied
389 3274 438 3306 van
457 3259 539 3307 Tibur
556 3254 694 3318 (Μάρκιον
711 3255 800 3318 ὕδωρ,
824 3258 917 3307 Strabo
935 3259 964 3321 5,
982 3258 1043 3321 240)
1061 3275 1126 3308 naar
1144 3261 1234 3310 Rome.
1262 3261 1312 3309 Het

191 3331 274 3372 rariter
300 3326 341 3372 uit
366 3326 427 3373 dere
454 3325 636 3384 waterleiding
662 3324 759 3387 schijnt
784 3324 834 3373 ooli
860 3325 984 3388 gebruikt
1009 3333 1036 3376 te
1060 3327 1110 3391 zijn
1135 3343 1178 3376 orn
1203 3328 1313 3390 kunstig

192 3391 362 3452 nagebootste
385 3397 490 3452 grotten
514 3393 541 3438 in
566 3392 598 3438 de
622 3392 714 3439 tuineu
739 3393 786 3439 der
808 3392 999 3456 aanzienlijhen
1022 3408 1073 3442 ran
1091 3400 1174 3443 water
1192 3400 1219 3444 te
1237 3409 1310 3443 roor-

192 3458 256 3505 zieu.
275 3483 307 3490 -
327 3459 417 3506 lovis
441 3458 511 3506 Elei
535 3459 563 3506 of
579 3457 722 3520 Olympici,
746 3459 828 3506 wiens
846 3459 1001 3507 standbeeld
1020 3460 1126 3510 Phidias
1144 3467 1170 3509 te
1189 3460 1310 3524 Olympia

193 3524 243 3570 had
262 3525 405 3585 opgericht.
423 3550 455 3557 —
474 3525 604 3572 caelum
623 3525 775 3585 imitata,
794 3525 921 3587 namelijk
940 3526 1002 3574 door
1020 3527 1067 3576 het
1084 3527 1245 3590 hoepeldah:
1267 3543 1309 3576 zoo

192 3597 250 3650 aeut
274 3590 321 3638 Dio
344 3589 414 3639 Cass.
438 3591 509 3648 Llll,
532 3590 577 3651 17,
600 3590 615 3638 ‘2
638 3606 687 3638 van
707 3592 751 3638 het
770 3591 922 3652 Pantheon,
947 3593 993 3641 dat
1010 3593 1057 3641 het
1073 3590 1209 3649 θολοειὸὲς
1226 3591 1257 3642 ὂν
1275 3598 1309 3654 τῷ

192 3651 298 3717 οὐρανῷ
315 3653 479 3718 προσέοικεν.
492 3683 526 3690 -
538 3654 583 3707 59.
602 3657 783 3706 Mausolei:
803 3658 848 3706 het
865 3658 1031 3708 Mausoleum
1047 3675 1101 3708 uvas
1114 3661 1160 3710 het
1172 3662 1309 3711 beroemde

192 3723 407 3784 geilenhteeken,
425 3739 477 3771 een
492 3725 539 3772 der
556 3739 634 3772 zeven
653 3724 908 3785 wereldwonderen,
926 3741 958 3788 op
972 3728 1018 3775 het
1030 3727 1091 3789 grat
1100 3743 1151 3776 van
1165 3729 1307 3787 Mausolus,
1337 3742 1343 3790 ξ

193 3803 241 3834 eeu
260 3787 365 3837 Carisch
384 3797 468 3842 varst,
486 3791 549 3837 door
566 3790 632 3852 zijne
650 3791 766 3850 aemalin
785 3791 926 3839 Artemisia
943 3794 1086 3855 oppericht.
1106 3794 1180 3843 Diod.
1199 3795 1247 3845 Sic.
1265 3794 1307 3850 lli,

193 3853 226 3898 ab
243 3869 314 3915 seqq.
