2850 4409
603 195 660 252 115

234 398 304 438 num
324 380 419 439 tribus
438 380 590 438 internum
610 378 743 437 custodit
762 378 898 437 faucibus
918 387 1038 438 antrum

274 459 436 534 Cerberus,
455 464 486 518 et
507 458 596 534 Tityo
616 458 721 534 iugera
741 477 836 535 pauca
855 476 978 532 novem,

179 540 214 597 45
233 558 270 597 an
290 541 359 599 ficta
378 540 410 598 111
430 539 556 598 miseras
576 538 733 598 descendit
752 538 854 598 fabula
874 544 997 613 gentes,

272 626 304 679 et
322 620 411 679 timor
430 619 512 678 haud
532 619 612 677 ultra
632 637 723 695 quam
743 636 834 693 rogus
855 635 922 677 esse
943 624 1050 694 potest.

233 699 332 759 exitus
352 700 402 759 hic
420 699 500 759 vitae
522 704 644 775 superet
663 698 753 757 mihi!
776 715 844 771 vos,
866 698 976 774 quibus
996 713 1078 757 arma

272 786 356 855 grata
375 778 486 855 magis,
507 778 608 838 Orassi
629 778 714 854 signa
734 779 844 837 referte
865 778 994 837 domum.

575 1145 637 1218 III,
658 1147 686 1204 7.

570 1333 691 1373 PAETUS.

230 1476 310 1553 Ergo
332 1476 477 1535 sollicitae
498 1480 532 1534 tu
552 1493 657 1548 causa,
678 1475 820 1550 pecunia,
842 1473 920 1533 vitae
941 1475 990 1533 es!

270 1563 376 1633 perte
395 1555 579 1615 inmaturum
600 1554 704 1613 mortis
723 1554 842 1613 adimus
862 1553 928 1613 iter.

231 1642 265 1694 tu
284 1636 368 1695 vitiis
387 1635 542 1695 hominum
562 1634 696 1694 crudelia
717 1635 826 1711 pabula
845 1634 985 1710 praebes:

272 1717 386 1775 semina
406 1734 545 1776 curarum
566 1714 603 1774 de
624 1714 723 1791 capite
743 1720 807 1773 orta
827 1719 887 1773 tuo.

195 1796 212 1852 5
231 1801 264 1854 tu
285 1796 411 1855 Paetum
431 1795 470 1854 ad
491 1795 615 1853 Pharios
635 1794 809 1853 tendentem
829 1794 922 1853 lintea
941 1799 1045 1870 portus

271 1876 373 1935 obruis
393 1875 498 1934 insano
518 1882 624 1951 terque
645 1879 810 1952 quaterque
831 1873 914 1933 mari.

230 1975 300 2015 nam
322 1956 394 2014 dum
414 1961 445 2014 te
466 1955 616 2032 sequitur,
638 1954 735 2031 primo
755 1954 847 2013 miser
866 1952 980 2013 excidit
1000 1971 1072 2013 aevo

270 2040 302 2095 et
322 2053 399 2094 nova
418 2035 590 2112 longinquis
610 2034 743 2111 piscibus
764 2052 832 2093 esca
852 2038 947 2108 natat,

231 2121 261 2175 et
281 2121 378 2174 mater
397 2133 457 2173 non
476 2115 556 2173 iusta
576 2114 643 2191 piae
664 2115 735 2172 darc
756 2114 857 2172 debita
876 2119 973 2172 terrae

178 2194 211 2252 10
271 2213 327 2254 nec
347 2202 417 2272 pote
437 2201 578 2270 cognatos
598 2194 677 2261 inter
697 2195 822 2253 humare
843 2211 945 2269 rogae,

232 2276 286 2335 sed
306 2281 359 2334 tua
378 2293 458 2333 nunc
478 2275 615 2333 volucres
635 2275 756 2332 adstant
777 2291 868 2350 super
887 2291 954 2332 ossa
974 2272 1118 2348 marinae3

271 2374 353 2413 1111116
375 2354 430 2414 tibi
449 2373 504 2431 pro
524 2355 640 2413 tumulo
662 2353 855 2430 Carpathium
875 2371 962 2412 omne
982 2371 1064 2412 marc
1085 2358 1140 2411 est.

230 2435 338 2494 infelix
360 2433 483 2511 Aquilo,
505 2439 607 2511 raptae
627 2434 717 2492 timor
737 2433 908 2507 Orithyiae,

272 2533 349 2592 quac
370 2515 465 2591 spolia
484 2533 524 2573 ex
544 2514 596 2572 illo
617 2519 700 2572 tanta
719 2514 803 2572 inere
824 2512 899 2572 tibi?

178 2595 211 2652 15
230 2601 284 2655 aut
304 2595 448 2673 quidnam
468 2595 562 2653 tracta
582 2595 710 2668 gaudes,
731 2593 886 2669 Neptune,
908 2593 1026 2652 carina?

271 2675 408 2751 portabat
430 2679 547 2733 sanctos
567 2674 671 2732 alveus
691 2673 743 2732 ille
764 2673 852 2732 viros.

230 2756 336 2827 Paete,
358 2754 432 2833 quid
452 2759 581 2813 aetatem
600 2756 761 2813 numeras?
782 2753 857 2829 quid
877 2772 947 2812 cara
966 2754 1081 2812 natanti

270 2840 367 2894 mater
386 2834 419 2892 in
439 2852 489 2893 ore
510 2834 615 2893 tibist?
636 2852 695 2892 non
716 2834 805 2893 habet
826 2833 906 2891 unda
927 2833 1007 2892 deos

97 2958 233 2979 *Q—

94 3027 159 3149 {3111
167 3037 260 3156 -1446,
278 3041 330 3104 vgl.
349 3041 425 3089 Lucr.
443 3040 493 3103 llI,
511 3037 560 3088 978
578 3054 651 3103 seqq.
664 3065 697 3072 -
709 3035 756 3090 48.
775 3038 889 3090 Crassi
907 3042 1018 3105 signa,
1036 3043 1087 3105 vgl.
1106 3056 1192 3092 aanm.

127 3136 133 3161 ²
166 3141 172 3163 t
219 3145 225 3157 ·

103 3161 133 3238 „¹-
148 3169 230 3224 Zonals
254 3175 296 3223 uit
312 3174 364 3222 den
381 3174 481 3223 inhoud
499 3172 578 3237 blijkt
595 3187 649 3221 was
666 3173 764 3222 Paetus
782 3188 832 3223 een
846 3174 984 3238 jongeling
1001 3190 1052 3223 van
1070 3177 1193 3226 aanzieu·

95 3228 262 3304 Ι0161111116,
280 3241 335 3304 die,
354 3256 397 3290 om
415 3240 498 3289 zaken
516 3245 543 3289 te
560 3241 628 3288 doen
645 3254 710 3288 eene
729 3241 825 3289 zeereis
842 3256 908 3289 naar
922 3242 1041 3305 Aegypte
1054 3239 1103 3304 (zie
1116 3259 1153 3292 vs.
1166 3243 1193 3305 5)

94 3298 250 3357 ondemomen
267 3307 419 3370 hebbende,
435 3306 599 3371 jammerlijk
616 3306 775 3369 schipbreuk
792 3308 859 3356 leed.
877 3308 914 3356 De
927 3308 1030 3357 hieran
1043 3310 1193 3374 daaralge-

93 3359 174 3443 broken
193 3375 413 3438 gedaehtengang
429 3374 452 3423 is
468 3374 496 3423 in
514 3373 772 3437 overeenstemming
790 3380 845 3423 met
861 3375 912 3423 den
930 3375 1044 3424 droeveu
1061 3382 1124 3426 toon
1142 3393 1193 3427 vau

71 3441 73 3444 '
100 3431 209 3505 tgeheel,
227 3456 294 3491 naar
311 3442 359 3490 het
374 3440 480 3489 nordeel
497 3454 548 3489 van
565 3440 733 3501 Lachmann;
750 3441 847 3489 andere
865 3442 999 3505 nitgevers
1014 3442 1192 3509 daerentegen

95 3493 179 3552 hebben
200 3509 230 3558 dc
248 3523 299 3557 uss.
317 3522 369 3557 van
386 3507 449 3556 deze
466 3508 549 3571 elegie
567 3522 600 3569 op
617 3521 682 3555 eene
700 3521 752 3570 ung
769 3508 794 3555 al
812 3506 858 3571 vm'j
878 3510 1021 3557 vermetele
1039 3509 1112 3574 wijze
1130 3513 1193 3562 door

93 3562 199 3622 θ1111111111
214 3577 359 3639 geplaatst,
382 3589 426 3623 om
443 3588 473 3623 61
489 3573 636 3637 behoorlijk
655 3572 771 3622 verbaud
788 3574 817 3623 in
833 3579 860 3623 te
878 3574 990 3639 krijgen.
1017 3576 1068 3640 Wij
1089 3578 1193 3639 hebben

94 3629 163 3685 alleen
174 3648 227 3691 met
238 3641 356 3705 Scaliger
369 3656 418 3690 vss.
431 3639 530 3689 25-28
543 3638 669 3690 11111170
681 3637 896 3704 geplaatst.-9.
914 3642 1003 3691 iusta
1018 3644 1093 3693 dare
1108 3652 1194 3695 mater

94 3704 379 3772 Π011..ρο16(11>.--12.
398 3706 611 3770 Carpathium
629 3721 728 3755 mare:
747 3708 808 3756 deze
823 3722 867 3756 zee
882 3710 1004 3758 ontleeut
1018 3710 1101 3759 haren
1114 3727 1192 3760 naam

93 3775 132 3814 stan
152 3770 193 3823 het
213 3775 300 3824 eiland
326 3772 520 3836 Carpathus
539 3773 667 3823 tusschen
684 3772 762 3822 Orata
779 3788 813 3822 en
831 3774 939 3824 Rhodus
956 3791 990 3825 en
1008 3792 1062 3826 was
1079 3778 1193 3828 berucht

94 3842 180 3895 degens
194 3843 257 3892 hare
274 3846 449 3891 stormen..—
463 3837 498 3891 13.
517 3838 713 3903 Orithyiae:
732 3838 854 3903 Orithyia
871 3837 1036 3905 (Ὠρείθυια,
1054 3845 1112 3906 „die
1131 3846 1194 3894 door

94 3894 118 3944 ¹le
132 3900 218 3970 bergen
235 3905 362 3969 atormt”)
379 3921 434 3956 was
451 3921 517 3957 eene
533 3907 643 3956 doehter
657 3921 708 3955 van
720 3907 898 3970 Erechtheus,
916 3909 1015 3972 koning
1027 3925 1078 3958 van
1091 3911 1192 3970 Attica,

1059 3999 1093 4050 8¹}
