2850 4409
682 153 698 209 7

286 354 440 395 murmure
460 337 648 395 flammarum
667 354 789 395 rursum
809 354 842 395 se
861 337 1003 412 colligere
1023 336 1099 410 irae,

286 416 422 476 faucibus
443 422 565 492 eruptos
585 416 696 476 iterum
715 416 762 475 vis
784 421 818 475 ut
838 421 938 476 vomat
956 416 1036 493 ignis

206 496 265 555 725
285 496 324 555 ed
344 497 521 573 caelumque
542 497 619 555 ferat
638 496 768 555 flammei
788 496 909 573 fulgure
928 514 1058 556 rursum.

286 593 362 653 quae
384 594 454 635 cum
476 594 583 651 magna
602 576 699 635 modis
721 576 827 640 multis
844 576 979 635 mirande
1000 576 1120 635 videtur

286 655 426 731 gentibus
447 656 585 715 humanis
606 655 688 732 regio
708 656 892 734 visendaque
912 657 1022 729 fertur,

184 811 187 818 .
286 737 375 795 rebus
396 735 495 813 opime
515 735 616 809 home,
637 736 732 795 multe
753 736 867 796 munite
888 736 986 796 virum
1006 736 1051 810 vi,

285 815 330 874 nil
349 821 450 875 tamen
470 816 527 876 hoc
548 815 688 875 habuisse
709 816 773 875 viro
794 816 976 893 praeclarius
996 816 1028 875 in
1049 835 1081 877 se

205 896 265 954 730
285 914 342 955 οοο
365 901 502 955 sanctum
522 895 618 971 magis
638 901 670 955 et
690 895 800 955 mirum
820 914 982 974 carumque
1003 896 1131 957 videtur.
1184 929 1186 933 ·

286 974 420 1035 carmina
440 975 514 1053 quin
535 975 626 1035 etiam
646 975 742 1034 divini
762 976 894 1053 pecturis
915 976 980 1036 eius

284 1055 485 1115 vociferantur
506 1060 537 1114 et
556 1060 712 1132 exponunt
732 1056 887 1132 praeclare
907 1061 1040 1134 reperta,

284 1141 319 1194 ut
338 1134 392 1193 vix
411 1136 542 1194 humana
563 1135 700 1196 videatur
721 1135 814 1212 stirpe
835 1142 962 1196 creatus.

633 1360 741 1370 ·----

428 1569 431 1574 ‹
522 1544 572 1583 DES
590 1546 724 1584 chflrnhs
743 1546 852 1584 MOTIEF.

155 1709 186 1758 In
209 1710 242 1758 de
265 1708 394 1772 volgende
417 1722 512 1757 verzen
530 1708 637 1771 spneekt
653 1708 685 1757 de
703 1709 808 1758 dichter
825 1714 880 1757 met
898 1723 963 1758 eene
981 1708 1146 1773 natuurlijke
1163 1710 1245 1759 onhe-

120 1775 289 1840 vangenheid
313 1789 347 1823 en
370 1775 503 1837 naiviteit,
527 1788 579 1824 aen
602 1774 699 1824 cudere
723 1774 867 1825 Griehsche
887 1790 921 1824 en
939 1775 1113 1825 Romeinsche
1130 1776 1246 1826 dichters

118 1843 212 1906 eigen,
238 1842 295 1891 zich
320 1842 361 1890 uit
383 1855 444 1890 over
468 1842 515 1890 het
537 1842 596 1891 doel
617 1855 670 1890 ven
693 1841 746 1906 zijn
770 1842 842 1891 werh
866 1856 900 1890 en
923 1844 1011 1891 vonral
1035 1857 1097 1891 over
1114 1843 1146 1891 de
1164 1844 1244 1892 reden

119 1924 237 1958 weerom
259 1908 296 1973 hij
316 1909 367 1957 den
386 1907 571 1972 dichterlijhen
588 1922 663 1957 vorm
680 1923 743 1958 voor
760 1922 809 1957 een
827 1908 977 1973 schijnbeer
994 1923 1038 1958 zoo
1056 1909 1153 1973 weinig
1170 1910 1245 1960 dich-

118 1976 211 2040 terlijk
228 1976 383 2037 onderwerp
401 1974 478 2024 hocs:
496 1989 547 2023 aen
564 1975 617 2023 den
634 1989 720 2024 eenen
738 1975 804 2024 hant
821 1975 895 2039 dnijft
912 1976 974 2023 hern
988 1974 1039 2039 zijn
1051 1976 1176 2039 gemced,
1194 1990 1245 2025 een

119 2043 172 2092 den
189 2043 308 2091 anderen
325 2056 375 2091 een
393 2055 467 2091 meer
483 2041 650 2105 elledeegsch
668 2042 775 2105 motief,
793 2056 837 2092 cm
855 2041 983 2106 namelijk
996 2041 1081 2105 'tgeen
1096 2042 1132 2106 hij
1147 2057 1245 2106 zeggen

119 2181 286 2192 μ’...-

116 2282 172 2316 van
190 2268 242 2316 den
258 2267 324 2330 berg
341 2266 373 2315 de
390 2266 447 2316 zich
464 2266 529 2314 dear
546 2265 709 2315 bevindende
721 2266 807 2328 lucht,
826 2266 853 2315 in
865 2266 953 2315 sterhe
966 2266 1103 2331 beweging
1116 2267 1244 2331 gebracht

116 2334 220 2399 zijnde‚
238 2333 302 2383 door
319 2334 351 2382 de
368 2332 489 2396 wrijving
506 2332 599 2396 begint
614 2337 641 2381 te
658 2333 762 2396 gloeien
780 2347 814 2381 en
832 2334 888 2382 zich
901 2337 956 2383 met
967 2334 1070 2397 geweld
1083 2349 1132 2383 een
1145 2335 1244 2399 uitweg

116 2401 216 2464 beent,
232 2404 260 2449 te
277 2398 389 2464 gelijker
404 2398 454 2462 tijd
471 2398 503 2448 de
515 2399 678 2462 ongehonpte
691 2398 839 2448 brandbere
851 2401 946 2449 stotien
959 2401 1181 2464 medevoerende3
1199 2417 1243 2452 zeo

116 2468 175 2517 ken
198 2467 235 2531 hij
260 2467 320 2515 hier
342 2480 454 2530 zeggen,
477 2465 524 2514 det
548 2466 594 2514 het
610 2465 752 2529 gedruisch
770 2465 799 2514 of
813 2469 960 2529 gernrnrnel
977 2465 1140 2531 (murmura)
1157 2469 1244 2533 dreigt

113 2535 244 2597 opnieuw
261 2534 347 2582 toorni
366 2547 380 2581 e
397 2534 532 2582 elammen
549 2536 576 2581 te
593 2532 679 2581 zullen
694 2535 860 2582 verzamelen
874 2532 1008 2597 (colligere
1021 2549 1103 2597 praes.
1117 2536 1145 2584 in
1158 2536 1244 2598 pleets

116 2614 172 2650 van
190 2600 210 2649 't
221 2597 284 2660 fut.)
309 2624 342 2633 -
378 2595 424 2649 24.
443 2599 619 2661 faucibus,
635 2598 763 2663 vergelijh
782 2598 830 2662 Vi,
848 2598 895 2648 704
914 2600 994 2649 enh:
1012 2602 1039 2649 in
1057 2616 1162 2651 summo
1179 2608 1243 2651 sunt

115 2667 219 2717 vertice
238 2668 311 2716 enim
329 2670 455 2729 emeres,
481 2670 512 2715 ut
529 2666 579 2728 ipsi
596 2662 640 2725 (de
657 2664 794 2715 bewoners
810 2680 861 2714 ven
879 2665 978 2728 Sicilie)
996 2668 1171 2731 nominitant,
1195 2684 1243 2718 nos

113 2734 192 2798 quod
210 2734 300 2782 fauces
317 2732 488 2795 perhibemus
505 2736 533 2781 et
549 2746 602 2781 cre.
618 2756 653 2766 —
670 2732 734 2795 vis,
756 2733 810 2781 scil.
829 2733 876 2781 der
892 2747 1032 2782 murmure
1048 2735 1078 2783 of
1093 2736 1175 2784 lieven
1191 2749 1243 2785 ven

115 2802 173 2850 den
189 2800 275 2864 wind,
293 2800 336 2848 die
353 2800 415 2848 deze
432 2798 609 2848 verccrzaeht.
623 2824 657 2832 -
670 2794 741 2861 725,
759 2794 830 2861 724,
848 2796 912 2850 723.
931 2815 1084 2864 rursum,
1101 2802 1242 2866 iterum,

116 2881 269 2916 rursum:
288 2866 457 2929 eigeneerdig
473 2866 545 2929 geeft
561 2866 594 2914 dc
611 2865 716 2914 dichter
728 2866 791 2915 door
803 2866 865 2915 deze
878 2866 1018 2930 herhaling
1030 2868 1081 2916 den
1094 2869 1242 2917 onzekeren

115 2947 153 2983 en
171 2933 334 2996 dreigcnden
351 2933 489 2996 toestend‚
506 2931 541 2995 bij
560 2931 708 2996 schijnhare
726 2937 797 2995 rust,
816 2937 843 2981 te
860 2933 975 2983 kennen.
996 2932 1058 2983 Men
1074 2935 1140 2984 lette
1157 2936 1185 2984 in
1203 2936 1243 2984 dit

114 3015 152 3050 en
177 3000 197 3049 't
214 3000 342 3063 volgende
364 3013 424 3048 vers
445 3013 479 3061 op
502 2999 534 3047 de
558 2999 712 3061 elliteretie‚
738 2999 779 3047 die
800 2999 832 3047 de
850 3000 948 3048 cudere
965 3000 1081 3049 dichters
1098 3015 1173 3050 meer
1189 3001 1242 3050 dan

116 3068 151 3116 de
166 3068 313 3129 nieuwere‚
331 3080 407 3114 mear
419 3067 494 3115 Lucr.
507 3066 535 3114 in
548 3065 568 3113 't
579 3064 725 3129 bijzonder,
739 3079 837 3127 geenne
850 3065 1004 3129 gebruihen.
1016 3091 1052 3101 -
1062 3063 1126 3117 720.
1145 3082 1239 3130 quae,

116 3132 248 3198 namelijh
260 3133 350 3182 insula
361 3147 398 3181 vs.
411 3131 467 3181 717.
476 3146 635 3195 -magne
651 3131 755 3180 modis
769 3133 884 3181 multis
898 3134 920 3182 is
933 3134 972 3182 als
984 3134 1110 3195 appositie
1122 3134 1156 3199 hij
1172 3148 1241 3198 quae

115 3205 144 3250 te
153 3200 339 3249 beschouwen.
348 3224 382 3233 —
391 3199 533 3262 videtur,
547 3198 621 3248 Lucr.
631 3198 706 3247 heeft
714 3200 878 3247 meermelen
888 3214 923 3248 ne
934 3213 1004 3248 cum
1018 3201 1241 3250 concessivum

117 3267 170 3316 den
187 3267 266 3316 indic.
283 3267 311 3315 in
329 3266 415 3328 plaets
429 3279 481 3314 ren
493 3266 545 3314 den
557 3265 622 3314 coni.
636 3261 745 3315 -728,
764 3265 873 3314 multe
890 3267 1022 3315 munita
1040 3267 1151 3316 virum
1169 3269 1240 3317 vi=

117 3334 224 3383 munite
249 3333 397 3382 incolarum
423 3332 605 3381 multitudine.
630 3356 663 3364 -
687 3327 752 3382 732.
782 3332 1036 3395 vociferantur,
1062 3335 1241 3399 verknndigcn

116 3401 202 3464 luide,
227 3398 357 3464 namelijk
380 3399 412 3448 de
430 3400 563 3462 praeclara
580 3403 691 3461 reperta.
708 3423 742 3431 -
758 3394 912 3449 729-733.
939 3399 1109 3462 Empedocles
1126 3402 1187 3465 gold
1204 3402 1239 3466 bij

116 3466 265 3532 tijdgenoot
286 3481 320 3516 en
338 3465 509 3529 nehomeling
526 3467 566 3514 als
583 3478 632 3513 een
649 3464 752 3526 profect
768 3479 802 3514 en
819 3466 1025 3515 wenderdeener
1041 3481 1075 3516 en
1092 3468 1173 3516 dacht
1189 3483 1241 3518 van

116 3534 172 3584 zich
190 3536 283 3583 zelven
300 3533 358 3581 niet
375 3531 478 3581 minden
496 3533 546 3580 den
564 3532 694 3592 enderen3
713 3531 749 3595 hij
769 3533 837 3580 leert
854 3532 988 3581 middelen
1003 3538 1084 3597 tegen
1096 3535 1240 3585 ouderdom

117 3615 149 3649 en
167 3601 268 3664 ziekte,
286 3599 341 3649 ken
358 3612 439 3662 regen
456 3612 491 3647 en
508 3599 617 3661 droogte
633 3598 701 3646 doen
720 3598 830 3659 hornen,
845 3598 875 3677 je
892 3600 956 3647 zelfs
973 3600 1074 3649 decden
1091 3602 1120 3650 in
1134 3601 1153 3650 ’t
1164 3602 1240 3651 leven

116 3673 292 3733 terugnoepen
310 3662 394 3727 (ἄξεις
411 3660 437 3712 δ’
456 3660 487 3722 ἐξ
500 3660 586 3713 Ἀΐδαο
601 3659 804 3726 καταφθιμένου
817 3680 896 3726 μενος
908 3661 1017 3728 ἀνδρός,
1034 3681 1071 3716 vs.
1084 3666 1133 3716 470
1145 3666 1240 3728 Meli).

116 3734 171 3785 Zels
192 3739 253 3800 zegt
276 3733 330 3798 hij,
354 3733 401 3780 dat
423 3730 459 3795 hij
478 3732 518 3779 als
535 3745 584 3779 een
602 3730 652 3794 god
670 3731 753 3780 onder
769 3731 801 3780 de
820 3732 964 3782 menschen
981 3733 1115 3783 verheert:
1139 3729 1192 3782 ἑὼ
1211 3731 1237 3783 δ’

115 3798 195 3865 ὔμμιν
212 3801 278 3865 (den
296 3800 434 3849 bewnners
452 3812 503 3846 vnn
520 3794 646 3860 Acragas)
662 3793 726 3851 θεὸς
743 3793 877 3861 ἄμβροτος
889 3794 979 3846 οὐκέτι
991 3795 1088 3863 θνητὸς
1101 3815 1144 3848 πω
1174 3803 1240 3862 ῦμαι

111 3864 175 3933 μετὰ
191 3872 259 3918 πᾶσι
277 3861 425 3928 τετιμένος,
442 3860 532 3927 ὥσπερ
551 3860 638 3912 ἔοικε]
654 3861 703 3925 (vs.
721 3862 771 3913 400
788 3878 821 3913 en
840 3863 909 3927 401).
