2850 4409
728 178 764 236 18

344 362 553 440 praesidioque
572 368 680 438 parent
700 361 860 438 decorique
880 361 1055 437 parentibus
1076 379 1151 420 esse.

345 461 421 519 quae
442 444 517 502 bene
538 448 569 501 et
589 442 699 501 eximie
720 441 858 518 quamvis
879 440 1013 517 disposta
1032 442 1181 514 ferantur,

266 524 324 582 645
344 524 433 599 longe
455 528 683 581 5551155555
703 540 775 580 vera
795 522 908 581 ratione
928 521 1057 597 repulsa.

344 602 441 661 omnis
461 601 541 661 enim
562 620 616 679 per
637 620 669 662 se
690 602 791 660 divom
812 606 918 660 551555
937 607 1090 660 necessest

343 682 494 741 inmortali
514 700 587 741 aevo
609 700 726 741 summa
746 700 815 740 cum
835 700 908 758 pace
929 682 1047 740 1555155

346 769 458 821 semota
478 763 514 821 ab
535 761 646 821 nostris
666 763 757 821 rebus
778 761 971 839 seiunctaque
991 761 1096 837 longe:

344 861 413 901 nam
433 843 550 919 privata
570 842 670 900 dolore
691 842 786 915 omni,
808 842 924 917 privata
945 841 1080 918 pericho,

266 924 324 983 6511
344 923 411 999 ipsa
432 922 494 981 suis
514 922 633 999 pollens
653 922 774 998 551555,
795 921 839 979 511
859 921 962 997 indiga
981 920 1092 990 nostri,

344 1021 400 1061 555
421 1004 496 1062 5555
517 1001 687 1078 promeritis
707 1001 826 1077 capitur
845 1019 943 1078 neque
963 1001 1098 1077 tangitur
1118 1002 1170 1060 ira.

345 1089 424 1141 terra
445 1082 568 1159 quidem
587 1099 658 1141 vero
678 1087 760 1141 caret
781 1081 861 1140 omni
881 1087 1015 1157 tempore
1037 1099 1142 1155 sensu,

346 1168 376 1221 et
397 1162 467 1239 quia
488 1162 651 1220 multarum
671 1162 787 1238 potitur
807 1161 970 1237 primordia
990 1180 1107 1235 rerum,

345 1242 440 1301 multa
459 1241 557 1300 modis
578 1241 683 1301 multis
704 1243 791 1301 effert
811 1241 978 1300 inlumina
998 1241 1077 1300 solie.

266 1321 416 1382 5555155
439 1321 534 1398 siquis
554 1340 635 1381 mare
656 1321 832 1397 Neptunum
853 1322 1052 1398 Cereremque
1072 1340 1177 1380 vocare

346 1401 501 1461 constituit
520 1402 623 1477 fruges
644 1407 675 1460 et
695 1402 806 1460 Bacchi
826 1401 945 1460 nomine
966 1402 1047 1460 abuti

347 1482 459 1540 mavolt
479 1500 568 1559 quam
588 1480 686 1540 laticis
707 1481 861 1557 proprium
881 1482 1014 1557 proferre
1034 1499 1192 1552 vocamen,

253 1637 255 1641 Ι
345 1561 543 1620 concedamus
563 1567 598 1619 ut
616 1561 667 1620 hic
687 1566 834 1620 terrarum
855 1561 973 1621 dictitet
992 1563 1094 1621 orbem

346 1659 413 1700 esse
434 1642 524 1700 deum
544 1646 685 1715 matrem,
707 1641 779 1699 dum
800 1659 870 1700 vera
890 1659 923 1700 re
943 1647 1043 1701 tamen
1063 1641 1131 1718 ipse

267 1723 325 1781 6611
346 1721 489 1798 religione
510 1721 642 1779 animum
662 1722 743 1797 turpi
764 1721 936 1797 contingere
956 1727 1067 1798 parcat.

574 2084 609 2120 DE
627 2082 808 2120 AFGELEEFDE
825 2083 923 2120 Annon.

219 2235 293 2284 51155
310 2236 384 2285 heeft
400 2235 452 2300 zijn
469 2236 517 2299 tijd
536 2250 587 2284 vnn
604 2235 741 2298 opkomst‚
758 2235 828 2284 bloei
845 2250 880 2283 en
896 2236 992 2284 verval.
1010 2234 1058 2284 Zoo
1077 2235 1128 2284 ook
1146 2236 1178 2284 de
1196 2236 1311 2299 wereld,

186 2303 228 2350 die
245 2302 322 2351 reeds
339 2303 405 2351 5555
421 2303 498 2351 51555
515 2303 616 2351 555551.
634 2301 705 2352 Onze
722 2303 801 2351 55555
818 2303 841 2351 is
858 2302 933 2350 reeds
950 2302 1003 2350 555
1016 2303 1157 2365 geworden
1170 2317 1204 2351 en
1217 2302 1313 2366 begint

186 2383 237 2417 555
260 2371 348 2418 555551
371 2384 422 2418 van
446 2370 574 2419 krachten
597 2374 624 2418 15
642 2369 736 2433 111555,
762 2369 853 2418 155551
870 2368 900 2433 zij
919 2369 1057 2432 longzoam
1075 2382 1150 2417 maar
1168 2369 1247 2418 zeker
1263 2374 1311 2419 ten

186 2436 339 2499 ondergnng
355 2436 435 2500 neigt.

567 2580 607 2638 Π.
649 2580 700 2639 VS.
725 2581 931 2641 nlo-1174.

346 2739 396 2799 Sic
415 2740 509 2816 igitur
529 2739 629 2815 magni
650 2758 769 2817 quoque
789 2740 902 2800 circum
923 2741 1038 2800 moenia
1058 2741 1164 2800 mundi

248 2821 326 2879 1145
346 2826 518 2897 expugnata
539 2819 652 2879 555551
671 2820 769 2879 labem
790 2820 946 2897 putrisque
967 2820 1084 2880 ruinas:

188 2956 349 2970 *-

186 3030 225 3146 bip
246 3030 308 3079 dere
329 3027 501 3092 wonderlijke
518 3027 670 3092 verklaring
687 3028 817 3092 gekomen
834 3029 870 3092 is,
893 3030 915 3078 is
932 3029 1050 3094 moeilijk
1069 3035 1097 3078 te
1114 3029 1259 3093 begrijpen.
1278 3055 1311 3063 -—

187 3093 204 3146 6
227 3092 334 3147 6-651.
361 3095 445 3145 Locus
468 3095 592 3144 classicus
615 3110 677 3144 voor
699 3096 732 3144 55
751 3096 877 3159 meening
893 3096 940 3145 555
957 3096 1121 3158 Epicuristen
1141 3100 1260 3145 omtrent
1278 3096 1311 3144 de

187 3164 286 3228 goden,
309 3177 375 3211 eene
398 3162 523 3224 meening
546 3162 697 3225 overigens,
721 3163 763 3211 die
784 3167 841 3211 met
857 3163 949 3212 hunne
966 3164 1021 3212 1555
1038 3161 1155 3226 moeilijlr
1173 3167 1200 3211 15
1218 3177 1310 3212 55555-

187 3231 267 3293 nigen
294 3231 323 3278 is.
346 3254 379 3262 -
402 3224 466 3278 652.
492 3229 529 3277 De
553 3229 631 3277 55555
654 3230 746 3278 555155
768 3229 822 3277 155
845 3230 928 3279 55555
950 3230 982 3277 55
1005 3229 1142 3293 werlelijk
1164 3229 1310 3279 bestaande

187 3297 272 3361 goden
297 3296 354 3345 niet
376 3295 509 3358 gerekend
532 3296 653 3358 worden3
675 3296 719 3345 wil
743 3311 807 3344 men
830 3297 895 3344 5555
917 3297 978 3345 15511
1002 3296 1223 3361 overdrachtelijk
1248 3296 1310 3346 5155

187 3378 266 3412 naam
288 3377 384 3426 geren,
409 3362 495 3410 zoonls
512 3376 573 3410 men
591 3363 641 3411 5515
659 3377 709 3411 555
727 3363 824 3411 555555
841 3364 990 3412 levenlooze
1008 3363 1106 3426 dingen
1124 3363 1309 3426 godennamen

186 3430 309 3491 melent,
336 3444 380 3478 zoo
406 3433 474 3477 wete
498 3443 560 3477 men
587 3429 685 3478 slechts
711 3430 757 3478 551
782 3444 843 3478 men
869 3444 943 3478 (5555
970 3428 1108 3494 figuurlijk
1135 3429 1249 3492 spreekt.
1277 3456 1312 3463 —

188 3493 252 3548 653.
279 3497 414 3558 potitur
440 3495 641 3558 primordio,
666 3496 744 3559 potiri
770 3501 825 3544 met
848 3496 899 3544 555
923 3511 1007 3546 accus.
1031 3497 1053 3545 is
1077 3496 1127 3545 ooli
1150 3496 1185 3560 bij
1211 3497 1311 3546 555555

188 3564 303 3612 51551555
320 3560 382 3611 noir
400 3561 489 3611 Cicero
506 3563 562 3611 niet
579 3563 693 3612 vreemd.
711 3589 745 3596 -
762 3558 826 3613 655.
845 3563 925 3612 5155
940 3578 970 3605 =
986 3564 1106 3626 5555551,
1125 3563 1198 3612 codd.
1213 3563 1264 3612 hic.
1278 3589 1312 3597 -

187 3632 262 3680 Luci.
288 3630 350 3690 zelf,
374 3628 407 3692 V,
431 3626 493 3692 824,
517 3643 600 3692 quare
623 3629 705 3678 etiam
729 3634 810 3692 atque
827 3629 908 3678 etiam
925 3635 1078 3678 maternum
1097 3644 1196 3678 nomen
1214 3630 1312 3694 555515

188 3703 259 3746 15555
272 3701 347 3745 15551
359 3696 468 3758 merito,
486 3696 613 3758 quoniam
625 3710 710 3759 genus
722 3697 778 3758 ipsa
790 3697 889 3745 creavit
900 3697 1050 3745 humanum
1062 3701 1091 3745 51
1110 3711 1144 3744 55
1159 3697 1260 3746 animal
1272 3734 1275 3742 .
1287 3735 1310 3747 ..

187 3778 279 3878 35555,
298 3769 388 3878 3155551
405 3763 437 3811 (15
454 3762 532 3810 55555
550 3768 648 3825 mater,
669 3777 742 3811 (5555
759 3764 815 3811 5151
832 3769 919 3811 mater
936 3763 1024 3812 deum.
1042 3711 1157 3813 -1511
1180 3764 1258 3812 dum
1279 3779 1310 3807 =

205 3844 296 3879 ummo
316 3845 338 3879 5.

223 3892 291 3946 1144.
317 3896 430 3958 magni
454 3896 589 3946 moenia
611 3896 741 3945 mundi:
765 3897 797 3944 de
821 3896 918 3944 555515
936 3896 1173 3959 555515555555,
1197 3897 1229 3946 de
1248 3912 1312 3956 zon,
