2850 4409
725 131 763 189 60

382 316 491 376 relata:
513 323 612 376 cartae
633 316 748 392 regiae,
769 317 838 376 novi
859 317 944 392 libri,

381 396 451 454 nori
471 396 621 469 umbilici,
643 397 704 456 lota
725 399 813 456 rubra
835 399 1019 472 membrana,

383 476 503 536 derecta
522 477 644 553 plumbo
665 481 696 535 et
716 477 836 552 pumice
857 477 955 536 omnia
974 483 1108 554 aequata.

383 556 457 614 haee
477 574 546 615 curn
565 556 649 632 legas
670 565 718 629 tu,
740 557 837 617 bellus
857 557 909 617 ille
930 565 962 617 et
982 559 1113 617 urbanus

324 636 362 694 10
383 635 524 696 Suffenus
544 654 623 695 unus
644 637 849 713 caprimulgus
869 644 922 697 aut
942 639 1038 697 fossor

382 734 487 775 rursus
506 715 642 790 ridetur,
663 723 781 775 tantum
800 718 939 777 abhorret
958 736 994 777 ac
1015 724 1118 778 mutat.

307 801 309 806 ’
383 797 438 855 hoo
459 795 532 873 quid
553 801 694 872 putemus
715 799 803 856 esse?
824 797 876 874 qui
898 798 985 856 modo
1006 816 1109 858 scurra

381 882 434 934 aut
455 876 480 935 si
502 875 575 953 quid
596 877 704 935 haere
726 877 835 936 tersius
855 876 1026 952 videbatur,

381 955 461 1015 idem
482 956 611 1015 infaceto
631 962 679 1015 est
697 956 855 1016 infacetior
874 976 958 1030 rure,

323 1037 360 1094 15
382 1035 472 1095 simul
492 1041 628 1112 poemata
648 1036 764 1112 attigit;
785 1055 884 1114 neque
902 1037 985 1097 idem
1001 1057 1144 1116 umquam

381 1134 476 1193 aeque
497 1121 544 1175 est
563 1117 669 1175 beatus
689 1135 725 1175 ae
744 1135 850 1193 poema
870 1136 939 1177 eum
961 1117 1078 1177 scribit:

381 1201 443 1255 tam
463 1196 576 1271 gaudet
594 1196 627 1254 in
647 1213 680 1256 se
700 1201 822 1273 tamque
844 1214 876 1257 se
895 1197 962 1273 ipse
982 1198 1116 1258 miratur.

381 1275 523 1335 nimirum
536 1276 618 1335 idem
632 1294 735 1335 omnes
748 1277 893 1348 fallimur,
909 1296 1007 1354 neque
1021 1284 1068 1337 est
1082 1277 1256 1356 quisquam,

384 1373 474 1432 quem
494 1374 553 1414 non
573 1355 606 1414 iu
625 1356 727 1433 aliqua
746 1376 779 1415 re
799 1357 903 1416 videre
924 1356 1081 1417 Suffenum

321 1436 360 1495 20
381 1435 495 1511 possis:
518 1453 592 1495 suus
613 1436 723 1513 cuique
743 1436 905 1496 attributus
925 1444 973 1496 est
992 1456 1090 1512 error,

382 1520 428 1575 set
447 1534 507 1575 non
527 1515 665 1576 videmus
686 1517 833 1576 manticae
854 1517 934 1594 quod
954 1517 986 1575 in
1006 1523 1090 1593 tergo
1111 1523 1165 1577 est.

689 1705 796 1712 ..-

180 1934 250 1969 weer
273 1919 370 1969 sehoon
394 1918 532 1983 gernaakt,
556 1918 635 1981 opdat
657 1933 720 1967 men
744 1933 772 1967 ze
793 1918 916 1980 opnieuw
934 1919 986 1968 kon
1003 1919 1156 1982 gebruihen.
1183 1920 1309 1985 Dikwijls

180 1986 272 2035 echter
288 1985 398 2050 gelukte
416 1985 455 2034 dit
472 1985 644 2034 uitwisschen
661 1999 713 2033 van
730 1986 776 2034 het
787 1985 964 2048 geschrevene
975 1985 1033 2034 niet
1044 1983 1089 2035 zob
1102 1985 1183 2049 gued,
1200 1988 1231 2036 of
1241 2003 1305 2037 meu

179 2053 233 2102 han
250 2053 298 2103 het
315 2052 383 2102 oude
401 2052 495 2102 schrift
512 2051 576 2101 door
587 2051 738 2101 chemische
751 2052 884 2101 rniddelen
898 2066 950 2113 nog
961 2066 1032 2100 weer
1044 2052 1179 2101 zichtbaar
1191 2053 1306 2112 maten,

180 2119 348 2184 gedeeltelijk
360 2120 474 2168 althans.
492 2117 600 2168 Codices
611 2119 731 2181 rescripti
743 2132 794 2167 van
803 2118 879 2182 Verg.
889 2133 923 2167 en
933 2119 1018 2168 Plant.
1027 2144 1061 2153 —
1070 2114 1148 2169 6-8.
1167 2120 1206 2168 De
1215 2122 1305 2170 ouden

180 2187 339 2250 gebruilrten
354 2188 393 2235 als
406 2185 638 2249 schrijfmateriaal
650 2199 766 2248 papyrus
778 2183 889 2246 (cartaei
902 2186 931 2234 of
942 2186 1098 2247 perhament
1109 2185 1307 2249 (membrana);

180 2254 219 2302 dit
229 2256 325 2303 laatste
337 2267 444 2316 wegens
456 2251 508 2316 zijn
521 2253 654 2316 hougeren
667 2253 730 2317 prijs
739 2253 892 2302 zeldzamer.
910 2252 981 2300 Naar
989 2252 1021 2300 de
1031 2252 1148 2301 dunheid
1157 2259 1190 2302 en
1200 2254 1306 2317 tjnheid

179 2320 386 2370 onderscheidde
404 2333 466 2368 men
484 2319 517 2367 de
534 2324 641 2368 soorten
658 2334 709 2368 van
727 2333 856 2382 papyrus:
875 2324 921 2367 ten
938 2318 1003 2381 tijde
1020 2333 1071 2368 vau
1089 2318 1146 2368 Cat.
1161 2321 1257 2383 golden
1271 2321 1305 2369 de

179 2391 297 2436 cartae
314 2386 431 2449 regiae
448 2400 511 2434 voor
527 2386 560 2434 de
578 2385 758 2449 lostbaarste,
776 2387 844 2434 later
861 2386 892 2434 de
905 2384 1071 2448 Augustene,
1088 2400 1153 2435 naar
1164 2385 1307 2451 Augustus

180 2453 317 2517 genoemd.
338 2477 372 2486 —
395 2452 480 2502 libri
498 2468 529 2496 =
547 2453 691 2501 volumina.
714 2478 748 2485 -
771 2451 943 2501 umbilici:
967 2466 1018 2501 ean
1041 2453 1089 2501 het
1105 2453 1183 2502 eiude
1201 2469 1253 2502 vau
1271 2455 1304 2502 de

179 2522 232 2583 rol,
256 2534 370 2569 waarom
395 2519 443 2568 het
465 2519 555 2582 papier
577 2519 728 2582 gewihkeld
751 2533 818 2581 was,
843 2518 981 2568 bevonden
1004 2519 1060 2568 zich
1077 2523 1147 2568 twee
1164 2521 1305 2583 platroude

179 2587 315 2650 linoppen,
341 2586 392 2635 iets
417 2585 527 2635 breeder
552 2585 604 2633 dan
631 2586 678 2634 het
703 2587 841 2645 volumen,
868 2600 993 2634 wanneer
1016 2586 1063 2635 het
1084 2588 1210 2650 opgerold
1234 2603 1305 2650 was,

180 2653 285 2717 zoodat,
302 2666 428 2701 wanneer
445 2652 493 2701 het
509 2651 575 2701 boel
594 2667 626 2715 op
643 2653 708 2701 talei
721 2653 810 2717 lagen
823 2652 940 2716 atgerold
953 2653 1038 2715 werd,
1057 2654 1144 2702 alleen
1155 2654 1188 2703 de
1200 2655 1304 2704 raudeu

178 2734 230 2768 van
253 2720 316 2769 deze
339 2719 462 2781 knoppen
485 2719 518 2768 de
541 2720 606 2768 talei
629 2719 743 2768 raakten
765 2734 799 2768 en
823 2720 870 2768 het
893 2719 981 2781 papien
1001 2719 1054 2767 zelf
1069 2719 1126 2769 niet
1141 2719 1304 2785 beschadigrl

178 2786 263 2835 werd:
287 2800 353 2835 naar
376 2787 487 2835 hunnen
509 2801 582 2836 vorm
604 2786 714 2836 lieetten
732 2786 794 2835 deza
812 2786 935 2848 hnoppen
954 2785 1086 2848 umbilici,
1109 2787 1159 2835 ooli
1176 2789 1226 2836 wel
1245 2803 1298 2837 cor·

179 2867 240 2902 uua.
257 2854 419 2917 -lauta,
436 2855 469 2902 de
487 2853 628 2903 handschr.
646 2853 751 2902 hebben
767 2854 854 2916 lora,
871 2852 911 2901 dit
923 2852 1008 2900 wordt
1019 2853 1178 2917 gewoonlijk
1190 2861 1305 2917 opgevat

178 2920 218 2970 als
239 2920 402 2969 bedoelende
424 2934 522 2982 reepen
545 2934 596 2969 van
620 2921 779 2982 parliament
800 2934 844 2968 om
868 2919 900 2967 de
921 2921 960 2968 rol
977 2918 1141 2983 gewiklreld,
1165 2935 1241 2969 mear
1257 2921 1303 2971 dat

178 2986 244 3036 dene
261 2988 301 3036 rol
319 3001 364 3036 zoo
381 2991 438 3035 met
454 2987 557 3036 nemen
573 2987 736 3036 omwikkeld
754 2987 825 3036 werd
842 2986 865 3034 is
882 3000 934 3034 vau
951 2986 1038 3035 elders
1055 2987 1112 3035 niet
1123 2991 1150 3036 te
1162 2986 1305 3052 bewijzen;

178 3055 274 3103 lauta
296 3055 366 3103 later
388 3054 438 3103 ook
456 3054 484 3102 in
501 3053 553 3102 den
570 3068 644 3103 vorm
661 3055 747 3108 lota,
769 3052 911 3115 pracatiy,
935 3051 1053 3115 sterlijlr,
1075 3058 1129 3103 net.
1147 3078 1181 3087 -
1197 3069 1303 3104 mern-

177 3120 299 3170 braua:
317 3120 402 3170 mooie
419 3120 522 3169 boeken
539 3120 646 3169 werden
659 3121 686 3168 in
699 3135 749 3168 een
761 3119 904 3181 enreloppe
918 3133 969 3167 van
981 3119 1140 3181 perhament
1151 3120 1301 3183 gewikireld

178 3202 212 3236 en
230 3188 269 3238 dit
286 3187 348 3238 rood
366 3187 503 3250 gekleurd.
520 3212 554 3220 —
572 3186 724 3247 derecta,
747 3185 904 3249 geliniiierd,
927 3190 1042 3235 waartoe
1060 3200 1121 3235 rnen
1138 3200 1189 3235 een
1205 3189 1303 3237 looden

178 3254 281 3314 rolletje
303 3254 458 3318 gebruikte,
480 3254 557 3316 laugs
576 3267 626 3302 een
644 3254 745 3302 houton
762 3252 861 3301 liniaal.
879 3277 912 3286 —
929 3252 1076 3316 pumice,
1100 3253 1132 3301 de
1150 3253 1303 3316 puimsteen

177 3321 249 3369 werd
273 3323 412 3384 algemeen
436 3319 561 3383 gebruiirt
582 3334 626 3369 orn
650 3319 682 3368 de
705 3319 898 3368 onetlenheden
921 3332 954 3367 en
977 3320 1062 3368 vezels
1078 3334 1130 3368 van
1148 3320 1195 3369 het
1212 3322 1307 3384 papier

177 3387 207 3436 ot
222 3387 380 3449 perhament
397 3387 426 3435 at
440 3390 468 3435 te
485 3387 608 3436 schuren.
626 3412 659 3420 -
677 3383 704 3436 ΙΙ.
722 3386 888 3435 abhorret
905 3399 1000 3448 nempe
1017 3386 1114 3436 abillo
1131 3386 1202 3436 bello
1220 3389 1303 3437 urba·

177 3467 266 3516 noque
283 3452 399 3503 Sullano.
411 3478 445 3487 -
457 3467 494 3502 ac
510 3458 623 3502 mutat
639 3467 701 3501 voer
718 3457 853 3514 mutatur,
872 3457 994 3500 mutatus
1006 3457 1060 3513 est,
1078 3450 1124 3502 zob
1136 3452 1253 3518 dikwijls
1265 3455 1301 3518 bij

177 3519 290 3568 Plautus
307 3534 341 3568 en
359 3519 456 3568 cudere
474 3518 614 3583 schrijvers
630 3519 658 3567 in
671 3519 691 3568 ’t
702 3521 854 3582 algerueeu:
872 3519 947 3568 Lucr.
961 3518 985 3582 l,
1004 3517 1060 3567 787.
1072 3544 1106 3551 -
1120 3515 1155 3569 12.
1174 3535 1304 3582 scurra,

177 3586 363 3648 petit-multra.
380 3611 414 3619 —
432 3581 467 3635 13.
491 3586 637 3649 tersius,
661 3585 756 3648 fijner,
778 3586 923 3647 eleganter.
941 3611 974 3619 -
992 3581 1028 3635 18.
1052 3584 1155 3648 idern,
1178 3601 1232 3637 acc.
1250 3602 1302 3637 vau

176 3652 285 3702 iuhoud.
310 3677 344 3686 —
368 3648 405 3702 2t.
438 3652 624 3715 manticae,
655 3653 753 3715 verget.
779 3652 890 3701 Phaedr.
917 3651 963 3715 lV,
989 3650 1035 3700 lo:
1060 3651 1158 3714 „Peras
1182 3653 1303 3717 inposuit

177 3719 295 3782 luppiter
318 3717 393 3767 nobis
416 3718 496 3767 duas:
520 3718 631 3781 propriis
653 3721 783 3781 repletam
807 3718 877 3768 vitiis
897 3723 957 3781 post
972 3723 1078 3781 tergum
1096 3718 1182 3783 dedit,
1206 3721 1306 3769 alienis

177 3789 239 3835 ante
257 3788 350 3847 pectus
366 3784 505 3846 suspendit
522 3799 636 3849 gravem.
655 3785 709 3835 Hac
727 3799 755 3833 re
773 3784 861 3834 videre
879 3789 969 3834 nostra
986 3786 1057 3833 mala
1073 3799 1127 3834 non
1145 3800 1305 3848 possumus:

176 3852 221 3901 alii
238 3852 319 3902 simul
337 3850 512 3916 delinquunt,
530 3866 651 3901 censores
668 3851 787 3901 sumus.''
