2850 4409
620 194 675 250 153

248 384 280 438 ut
301 379 392 437 semel
414 380 487 437 haee
508 396 608 436 rerum
630 378 755 437 secessit
775 378 828 436 lite
850 396 987 450 suarum,

287 459 377 535 inque
397 476 490 516 novas
510 458 584 517 abiit
605 475 702 516 massa
722 458 820 516 soluta
840 458 958 530 domos,

249 540 364 597 flamma
385 538 462 614 petit
481 539 590 609 altum,
612 537 733 614 propior
752 538 836 597 loeus
855 545 924 596 aera
945 537 1042 613 eepit,

181 619 230 676 110
287 619 429 677 sederunt
451 618 548 676 medio
569 622 648 676 terra
668 618 839 694 fretumque
860 618 930 676 solo.

248 703 318 757 tuno
335 716 405 773 ege,
427 698 479 774 qui
496 699 611 756 fueram
629 698 737 773 globus
754 705 785 757 et
803 698 867 756 sine
884 696 1013 772 imagine
1031 696 1142 768 100100,

286 778 444 837 infaciem
465 777 541 836 redii
562 777 711 854 dignoque
733 779 870 836 membra·
885 777 949 836 deo.

248 877 326 917 nuno
342 876 475 935 quoque,
493 858 633 916 confusae
650 858 801 934 quondam
818 864 887 916 nota
904 876 995 933 parva
1012 858 1142 931 figurae,

287 943 355 997 ante
375 939 455 1015 quod
476 944 523 997 est
542 937 574 996 in
597 956 643 997 me
663 945 805 1015 postque,
828 937 947 996 videtur
966 936 1055 995 idem.

180 1019 230 1074 115
249 1018 362 1094 aoeipe,
384 1018 536 1095 quaesitae
557 1036 633 1095 quae
655 1036 747 1077 eausa
767 1018 807 1076 sit
826 1018 920 1076 altera
939 1018 1066 1087 formae,

287 1099 363 1157 hano
384 1098 474 1156 simul
495 1104 530 1155 ut
549 1098 630 1157 noris
651 1098 842 1175 officiumque
863 1116 970 1156 meum.

250 1177 390 1255 quioquid
405 1178 516 1254 ubique
531 1178 628 1249 videS,
644 1178 773 1251 eaelum,
789 1196 882 1251 mare,
896 1178 1011 1250 nubila,
1025 1182 1135 1248 terres,

288 1257 385 1316 omnia
407 1265 477 1316 sunt
497 1263 597 1316 nostra
618 1259 719 1316 elausa
740 1264 901 1334 patentque
922 1276 1020 1316 manu.

250 1355 295 1395 me
315 1355 408 1413 penes
429 1345 476 1396 est
496 1356 588 1395 unum
610 1337 686 1396 vasti
707 1338 843 1396 custodia
864 1338 982 1410 mundi,

180 1416 231 1473 120
288 1423 318 1476 et
337 1418 386 1475 ius
409 1417 542 1476 vertendi
564 1417 694 1476 cardinis
715 1436 802 1477 omne
823 1436 922 1477 meum
943 1423 998 1476 est.

250 1514 316 1555 oum
336 1496 425 1555 libuit
445 1516 551 1572 paoem
573 1497 699 1573 placidis
720 1498 856 1557 emittere
878 1498 980 1570 100110,

288 1577 381 1636 libera
402 1584 562 1653 perpetuas
582 1577 714 1635 ambulat
733 1578 786 1635 illa
807 1578 878 1636 vias.

251 1657 392 1732 sanguine
413 1657 529 1716 letifero
550 1663 631 1715 totus
653 1657 826 1716 miscebitur
846 1657 941 1726 orbis,

287 1737 318 1794 ni
340 1744 460 1796 teneant
481 1737 595 1812 rigidae
616 1737 735 1795 condita
756 1737 834 1795 bella
855 1755 947 1796 serae.

179 1815 231 1872 125
249 1816 402 1892 praesideo
423 1817 536 1876 toribus
557 1817 632 1875 caeli
652 1835 721 1875 oum
743 1818 865 1876 mitibus
887 1817 990 1875 Horis:

287 1897 327 1970 it,
348 1897 427 1955 redit
447 1898 546 1955 officio
567 1896 704 1972 Iuppiter
724 1897 789 1972 ipse
811 1915 884 1955 meo.

249 1977 318 2035 inde
341 1995 428 2035 voeor
448 1976 546 2035 Ianus.
569 1977 616 2035 oui
639 1996 707 2035 oum
729 1977 844 2036 Ceriale
866 1977 1003 2035 sacerdos

288 2057 415 2132 imponit
434 2057 528 2115 libum
548 2058 686 2133 farraque
709 2057 802 2115 mixta
823 2057 899 2129 sale,

250 2136 368 2195 nomina
387 2137 507 2195 ridebis.
530 2138 617 2194 modo
638 2155 766 2213 namque
788 2136 941 2195 Patulcius
962 2136 1042 2194 idem

177 2216 230 2273 130
288 2222 318 2275 et
340 2217 426 2274 modo
448 2217 583 2291 saerifioo
605 2217 726 2276 Clusius
747 2235 797 2275 ore
818 2235 914 2275 vooor.

251 2296 367 2355 soilioet
387 2296 501 2355 alterno
523 2296 616 2354 voluit
637 2297 721 2354 rudis
742 2297 793 2354 illa
813 2303 947 2355 vetustas

288 2376 408 2435 nomine
428 2376 563 2435 diversas
584 2377 751 2451 significare
773 2376 864 2435 vioes.

249 2456 294 2513 vis
315 2474 381 2514 mea
402 2462 519 2514 narrata
540 2462 594 2514 est.
616 2474 735 2514 oausam
757 2475 837 2514 nunr-
857 2456 939 2514 disee
960 2456 1088 2531 figurae:

288 2537 348 2593 iam
370 2542 469 2594 tamen
490 2537 567 2594 hano
586 2536 686 2612 aliqua
706 2545 740 2594 tu
761 2554 880 2613 quoque
901 2543 984 2612 parte
1005 2534 1098 2593 vides.

110 2680 250 2696 κ-Ἦ

109 2786 162 2838 war,
177 2781 279 2828 werden
297 2781 360 2827 deze
377 2783 445 2827 twee
462 2780 667 2842 vereenzelvigd.
685 2805 720 2812 —
737 2775 791 2829 1⁰7.
817 2781 911 2828 haec:
934 2779 1026 2843 hierbij
1046 2780 1155 2828 behoort
1172 2779 1213 2828 als

108 2840 285 2895 substantivum
302 2860 415 2894 massa
432 2846 473 2893 uit
489 2846 541 2894 den
559 2846 704 2908 volgenden
721 2848 800 2909 regel.
818 2871 852 2880 —
870 2843 916 2896 112.
936 2846 1022 2895 redii
1040 2848 1078 2895 als
1097 2845 1210 2894 mediaal

108 2902 184 2973 begn'p
204 2911 237 2977 bij
262 2913 390 2976 redigere.
407 2936 442 2944 -—
459 2907 514 2962 12⁰.
539 2912 696 2961 vertendi
722 2914 887 2961 cardinis:
911 2914 943 2960 de
967 2914 1045 2961 cardo
1063 2914 1085 2961 is
1104 2912 1161 2960 hier
1178 2912 1210 2959 de

108 2984 131 3019 as
144 2977 170 3025 01
182 2979 238 3041 pool
255 2980 301 3028 des
319 2980 435 3041 hemels‚
453 2981 505 3041 ngl.
523 2978 636 3028 Maerob.
653 2978 683 3036 l,
701 2977 731 3041 9,
749 2978 777 3028 3:
801 2981 959 3043 „utriusque
976 2980 1072 3028 ianuae
1090 2978 1213 3028 caelestis

108 3046 197 3105 potens,
214 3048 260 3110 qui
277 3046 399 3095 exoriens
416 3046 517 3107 operiat
534 3046 619 3107 diem,
637 3046 757 3095 occidens
774 3046 905 3095 claudat.'‘
920 3072 954 3079 -
968 3043 1022 3096 123.
1041 3046 1210 3107 sanguine

108 3107 246 3161 letifero:
270 3112 332 3162 kort
349 3112 446 3175 gezegd
463 3112 493 3160 in
510 3114 595 3173 plauts
613 3127 663 3160 van
681 3113 864 3175 sanguinis
885 3113 1066 3161 mortifera
1083 3110 1211 3160 effusi·

107 3184 164 3224 0118.
179 3203 210 3213 -
227 3177 282 3231 125.
308 3179 420 3228 Horis:
445 3180 476 3227 de
501 3178 599 3242 Horae,
617 3174 711 3241 Ὧραι,
736 3179 767 3227 de
790 3180 846 3227 drie
870 3180 992 3228 dochters
1015 3194 1066 3227 van
1089 3180 1156 3227 Zeus
1177 3193 1211 3226 en

106 3235 209 3308 Themis,
233 3251 289 3295 met
314 3260 394 3295 name
416 3246 505 3307 Irene,
529 3246 659 3294 Eunomia
682 3260 716 3293 en
740 3246 820 3307 Dike,
844 3260 932 3294 waren
956 3246 988 3295 de
1010 3248 1143 3309 godinnen
1160 3259 1212 3292 van

107 3303 149 3355 den
164 3311 207 3375 tijd
224 3328 258 3362 en
276 3314 310 3362 de
325 3312 516 3375 jaargetijden,
541 3313 604 3361 door
621 3313 685 3360 wier
702 3312 768 3361 dans
785 3312 818 3360 de
836 3313 973 3376 kringloop
991 3314 1038 3361 der
1053 3312 1137 3377 tijden
1155 3312 1212 3360 zicb

107 3380 245 3427 1011010-
258 3375 315 3430 127.
334 3379 449 3428 lanus:
469 3376 577 3427 Ovidius
594 3379 661 3427 leidt
677 3378 882 3443 klnarblijkelijk
898 3381 979 3429 lanus
990 3380 1020 3428 ul
1029 3395 1080 3428 van
1095 3380 1213 3442 ianua,

107 3444 178 3493 woals
201 3447 231 3495 de
258 3446 407 3495 Romeinen
434 3446 535 3493 Roma
557 3446 688 3493 alleidden
712 3460 762 3494 van
786 3445 963 3507 Romulus,
990 3448 1023 3496 de
1044 3447 1126 3510 juiste
1149 3447 1214 3495 orde

107 3506 280 3576 omkeerende3
306 3513 338 3561 de
362 3512 487 3574 asseiding
510 3526 559 3560 van
580 3513 660 3560 lanus
677 3512 700 3560 is
717 3512 864 3562 oubelrend.
882 3539 915 3546 -
932 3512 1067 3562 Ceriale
1090 3514 1213 3576 libum,

106 3573 147 3633 lgl.
170 3578 200 3627 de
217 3583 289 3629 aaut.
307 3593 340 3641 op
358 3594 394 3627 vs.
412 3576 453 3627 65.
471 3604 504 3612 -
521 3573 576 3628 129.
600 3579 637 3627 110
656 3578 778 3627 woorden
797 3580 933 3628 nomina
949 3581 1088 3631 ridebis
1117 3581 1214 3629 modo

107 3650 236 3708 namque
252 3646 381 3695 bevatten
399 3659 465 3693 eene
482 3644 624 3707 gedachte,
644 3646 686 3693 die
703 3646 802 3707 logisch
821 3661 855 3694 na
872 3647 924 3696 den
941 3648 1089 3710 volgenden
1107 3649 1147 3696 zin
1165 3647 1213 3695 be-

107 3701 188 3760 hoome
211 3718 237 3761 te
261 3717 352 3762 stoan:
377 3712 434 3760 Pat.
457 3716 485 3759 et
506 3709 577 3759 Glus.
602 3726 690 3772 vocor,
714 3726 784 3775 quae
805 3714 913 3761 nomina
930 3714 1027 3763 ridebis
1044 3712 1213 3776 (belocbelijk

106 3773 151 3822 ztdt
164 3777 282 3840 vidden).
301 3778 359 3842 Vgl.
378 3777 458 3826 Varro
475 3776 510 3840 bij
529 3777 641 3826 Maerob.
660 3777 714 3827 Sat.
732 3777 760 3838 1,
773 3777 802 3841 9,
815 3778 861 3829 le:
879 3781 1029 3830 Patulcium
1047 3789 1074 3830 et
1091 3780 1212 3829 Clusium

38 3877 39 3884 ,
109 3832 198 3894 (lanum
221 3843 329 3906 vocant)
352 3844 417 3907 quia
440 3844 508 3893 bello
525 3846 617 3893 caulae
634 3845 692 3893 eius
709 3842 771 3909 (zijn
790 3847 849 3910 hol,
874 3846 925 3909 zijn
943 3848 1015 3909 1001,
1039 3847 1105 3911 zijne
1123 3843 1214 3908 kepel)

108 3910 195 3975 litent,
214 3927 276 3975 pace
294 3912 466 3961 clauduntur.
484 3936 517 3943 —-
535 3907 588 3960 133.
616 3913 676 3973 vie,
695 3911 855 3975 1010010010,
872 3927 965 3963 mezen.
983 3940 1016 3947 -
1033 3909 1087 3963 136.
1106 3927 1213 3973 popu-
