2850 4409
660 166 698 225 83

321 353 396 411 dona
416 369 472 411 nee
492 369 509 411 e
529 351 614 428 puris
636 350 768 427 spernite
787 350 939 409 fictilibus.

280 432 383 492 fictilia
402 431 544 508 antiquus
564 431 696 508 primum
717 430 774 490 sibi
794 430 867 489 feeit
885 429 1013 506 agrestis

221 513 260 571 40
319 512 426 588 poetria
446 511 484 571 de
504 510 585 571 faoili
606 510 834 587 composuitque
853 511 926 569 luto.

279 610 337 651 non
358 609 413 667 ego
434 591 555 650 divitias
575 596 696 667 patrum
715 591 870 650 fructusve
891 589 1024 667 requiro,

320 689 395 748 quos
415 671 487 731 tulit
505 670 629 748 antiquo
649 670 769 730 oondita
789 669 898 730 messis
917 687 988 729 avo:

279 770 371 828 parva
391 769 478 827 seges
499 750 572 810 satis
593 758 655 825 est,
677 751 751 809 satis
771 756 819 810 est
838 749 1029 827 requiescere
1049 750 1142 823 lecto,

321 832 346 890 si
366 831 452 905 lieet,
474 837 505 891 et
525 830 613 890 solito
633 832 766 890 membra
786 830 886 889 levare
907 835 979 889 toro.

222 913 260 970 45
280 930 370 989 quam
389 912 474 971 iuvat
493 910 625 970 immites
646 917 752 970 ventos
771 910 876 969 audire
896 911 1054 969 cubantem

319 997 351 1051 et
370 991 520 1050 dominam
541 997 644 1050 tenero
664 990 831 1050 detinuisse
852 990 936 1063 sinu,

278 1078 346 1143 aut,
367 1071 483 1147 gelidas
504 1071 647 1130 hibernus
668 1088 762 1148 aquas
782 1089 851 1129 oum
871 1069 984 1130 fuderit
1003 1076 1120 1150 auster,

320 1169 460 1211 securum
480 1151 599 1210 som'nos
619 1151 715 1210 imbre
734 1150 856 1209 iuvante
878 1149 980 1228 sequi!

242 1148 336 1310 Rhoe
356 1231 430 1290 mihi
451 1230 618 1307 contingat:
641 1231 682 1290 sit
702 1230 788 1290 dives
808 1229 888 1303 iure,
909 1231 1040 1289 furorem

223 1312 270 1449 δῖ
320 1311 372 1388 qui
392 1312 483 1370 maris
503 1317 535 1371 et
554 1311 658 1370 tristes
678 1311 757 1370 ferre
769 1316 877 1387 potest
897 1310 1023 1387 pluvias.

279 1410 296 1451 o
317 1398 463 1469 quantum
483 1398 531 1450 est
551 1391 616 1449 auri
636 1391 738 1467 potius
757 1396 920 1467 pereatque
941 1389 1106 1465 smaragdi,

320 1490 409 1549 quam
430 1472 501 1531 fleat
521 1472 557 1530 ob
578 1479 695 1530 nostras
716 1470 779 1529 ulla
798 1471 901 1547 puella
921 1470 991 1528 vias.

280 1557 310 1610 te
331 1552 443 1611 bellare
464 1551 552 1611 deoet
571 1558 664 1625 terra,
686 1550 828 1624 Messala,
850 1550 1000 1627 marique3

291 1660 295 1667 ·
320 1638 355 1691 ut
375 1631 482 1690 domus
502 1631 628 1690 hostiles
648 1631 797 1708 praeferat
817 1630 958 1690 exuvias:

225 1711 260 1769 55
280 1730 328 1771 me
349 1711 480 1771 retinent
500 1711 634 1771 vinetum
654 1712 801 1770 formosae
822 1710 921 1770 vinela
940 1710 1074 1787 puellae,

320 1798 352 1851 et
372 1791 462 1851 sedeo
483 1792 574 1850 duras
594 1790 703 1850 amur
723 1796 792 1850 ante
812 1792 900 1850 fores.

280 1889 339 1930 non
360 1889 416 1947 ego
436 1871 552 1930 laudari
574 1889 662 1945 euro,
683 1889 750 1931 mea
770 1871 871 1931 Delia:
894 1876 993 1929 tecum

320 1952 394 2018 dnm
414 1951 502 2010 modo
522 1951 594 2025 sim,
616 1968 727 2028 quaeso
748 1951 849 2027 segnis
866 1950 1007 2027 inersque
1024 1967 1120 2009 voeer.

280 2037 310 2090 te
332 2037 480 2108 spectem,
502 2049 642 2107 suprema
662 2031 737 2090 mibi
758 2049 827 2090 oum
847 2030 964 2090 venerit
983 2031 1070 2103 hora,

225 2110 278 2169 601
320 2118 351 2171 et
370 2117 422 2171 ten
509 2111 639 2171 moriens
659 2111 817 2171 deficiente
838 2129 936 2170 manu.

245 2177 274 2245 x)
279 2191 365 2251 flebis
386 2198 418 2251 et
437 2210 455 2250 a
487 2209 542 2250 uro
561 2191 694 2268 positum
714 2209 779 2265 me,
799 2191 900 2265 Delia,
921 2193 1015 2263 leeto,

320 2270 458 2331 tristibus
478 2277 510 2330 et
529 2271 661 2331 lacrimis
682 2272 783 2331 oscula
803 2272 898 2330 mixta
919 2271 1012 2330 dabis.

280 2351 381 2410 flebis:
404 2369 463 2410 non
484 2357 535 2410 tua
556 2357 627 2411 sunt
647 2352 723 2410 duro
742 2352 918 2428 praecordia
938 2352 1017 2410 ferro

319 2432 437 2505 vineta,
457 2449 514 2490 nee
533 2431 565 2490 in
586 2438 689 2491 tenero
710 2437 770 2490 stat
789 2431 844 2491 tibi
865 2431 954 2491 eorde
972 2430 1059 2490 silex.

226 2508 242 2567 6
282 2510 288 2521 ’
315 2529 332 2569 o
353 2529 412 2570 non
432 2510 551 2570 iuvenis
571 2512 681 2587 poterit
702 2511 740 2571 (le
761 2512 866 2571 funere
887 2511 1047 2589 quisquam

319 2591 529 2664 lumina,'non
549 2591 649 2667 virgo,
670 2591 750 2650 sieea
770 2593 881 2651 referre
903 2592 1033 2650 domum.

280 2675 344 2729 tum
364 2689 467 2730 manes
488 2690 526 2731 ne
547 2671 633 2731 laede
653 2689 752 2745 meoS,
773 2672 827 2731 sed
847 2690 936 2748 paree
958 2671 1064 2730 solutis

321 2750 456 2809 crinibus
476 2757 507 2810 et
527 2751 652 2825 teneris,
673 2751 774 2825 Delia,
794 2770 883 2828 paree
905 2751 999 2827 genis.

279 2829 409 2903 interea,
431 2830 504 2889 dum
523 2831 585 2891 fata
605 2831 723 2905 sinunt,
743 2831 904 2907 iungamus
923 2849 1055 2890 amores:

225 2909 261 2967 70
319 2910 379 2969 iam
400 2911 502 2970 veniet
521 2911 653 2971 tenebris
673 2911 754 2970 Mors
775 2912 917 2988 adoperta
937 2918 1040 2988 eaput,

280 2990 339 3049 iam
361 2991 503 3067 subrepet
522 2991 603 3050 iners
624 2996 721 3065 aetas,
742 3010 798 3051 nee
817 3010 917 3051 amare
938 2991 1070 3065 decebit,

320 3070 421 3130 dioere
441 3088 497 3130 neo
517 3089 590 3130 oano
610 3071 770 3130 blanditias
790 3072 896 3148 eapite.

279 3169 360 3210 nuno
373 3150 450 3209 levis
464 3157 512 3210 est
525 3151 678 3286 fragantia
692 3151 810 3226 Venus,
826 3152 898 3210 dum
912 3153 1049 3227 frangere
1062 3156 1165 3228 postes

137 3268 279 3285 ’.κ-
359 3263 373 3278 X

139 3345 371 3410 anana-41,
396 3349 535 3398 fruetus
552 3349 611 3397 hier
627 3363 689 3398 voor
706 3349 839 3414 fruges,
864 3352 949 3400 zooals
966 3350 1045 3414 blijkt
1061 3350 1103 3399 uit
1120 3351 1167 3400 het
1183 3353 1239 3400 vol-

139 3410 211 3468 geude
233 3416 371 3465 condita
401 3415 530 3465 messis.
554 3440 588 3449 -
612 3412 649 3466 51.
681 3414 855 3466 Construeer:
886 3421 1055 3480 quantum
1085 3422 1138 3467 est
1162 3420 1240 3469 auri

139 3483 362 3546 smaragdique
385 3483 473 3546 potius
496 3487 600 3545 pereat,
624 3484 674 3546 vgl.
699 3488 753 3531 wat
776 3484 809 3532 de
831 3484 964 3548 plaatsing
987 3498 1037 3533 van
1060 3499 1124 3548 que
1142 3484 1241 3536 betreft

139 3538 181 3605 111,
195 3544 224 3596 56
239 3548 378 3599 Messalenr
396 3553 467 3598 terra
484 3549 549 3598 dum
565 3549 741 3613 sequiturque
759 3550 833 3599 mari.
851 3575 885 3584 -
901 3547 948 3601 54.
973 3552 1162 3613 praeferat:
1184 3555 1240 3601 uit-

137 3610 216 3684 SQHQ
237 3621 323 3680 loona,
347 3618 398 3680 agl.
421 3616 497 3680 Verg.
515 3616 579 3665 Aen.
598 3614 626 3679 7,
643 3614 701 3665 183.
719 3642 753 3651 -
770 3613 815 3667 57.
840 3617 948 3666 Delia:
972 3618 1054 3667 dezen
1071 3633 1151 3668 naam
1168 3620 1240 3683 geeft

137 3671 185 3725 Τὼ.
206 3680 231 3729 in
254 3683 320 3747 zijne
346 3683 489 3747 gedionten
515 3697 566 3732 aan
589 3682 656 3746 zijne
680 3683 807 3747 geliefde‚
832 3684 897 3733 wier
918 3684 1059 3749 eigenlijke
1082 3700 1162 3734 naam
1185 3700 1240 3735 was

138 3737 217 3795 Plania
233 3744 384 3810 (missehien
397 3764 449 3799 een
460 3750 604 3813 vertalfng,
621 3752 717 3813 planus
727 3766 757 3794 =
767 3746 872 3813 δῆλος),
889 3765 939 3799 een
952 3751 1085 3813 plebeisch
1097 3752 1197 3815 meisje.
1207 3777 1240 3786 -

138 3800 177 3857 73.
191 3812 333 3880 frangere
350 3820 476 3880 postes:
494 3816 526 3864 de
540 3816 615 3865 Rom.
628 3816 799 3880 jongelieden
812 3818 940 3880 pleegden
952 3817 1066 3881 dikwijls
1078 3818 1239 3882 naebtelijke

138 3871 254 3930 bezoelen
275 3882 309 3949 bij
334 3885 427 3934 bunne
450 3883 591 3946 geliefden'
605 3881 724 3954 (althans
741 3898 786 3932 zoo
803 3884 866 3932 deae
883 3883 1075 3947 vrljgelatenen
1092 3885 1122 3933 of
1136 3898 1239 3932 vreem·

1105 3971 1139 4021 6¹}
