2850 4409
651 208 707 264 149

319 413 400 468 ossa,
420 395 556 452 ruinosas
577 394 687 452 occulit
708 394 800 451 herba
820 392 938 451 domos:

280 475 374 533 victor
393 477 479 548 abes,
500 492 556 532 nec
577 473 653 532 scire
674 473 764 545 mihi,
784 491 861 549 quae
881 489 972 530 cansa
993 470 1142 542 morandi,

320 562 372 613 aut
392 555 423 613 in
443 573 502 631 quo
521 555 616 612 lateas
636 555 753 612 ferreus
774 553 858 626 orbe,
879 552 964 610 licet!

280 634 416 711 quisquis
436 634 474 692 ad
495 635 569 693 haec
590 633 680 692 vertit
700 632 887 708 peregrinam
907 631 994 689 litora
1015 630 1152 707 puppim,

222 715 260 773 60
320 715 372 773 ille
393 715 466 772 mihi
487 715 525 773 de
549 724 579 772 te
600 714 694 771 multa
715 720 836 788 rogatus
856 711 933 783 abit,

282 813 430 872 quamque
452 794 504 853 tibi
526 794 647 865 reddat,
669 793 694 851 si
716 801 746 850 11
768 792 854 850 modo
876 791 984 850 viderit
1005 809 1145 867 usquam,

321 874 449 933 traditur
468 874 539 933 huic
559 874 663 950 digitis
683 874 786 931 charta
806 879 906 930 notata
927 871 1009 930 meis.

281 972 335 1014 nos
355 955 467 1029 Pylon,
488 954 602 1031 antiqui
624 952 729 1012 Neleia
749 952 886 1011 Nestoris
906 970 991 1024 arva,

321 1034 473 1093 misimus:
495 1035 638 1093 incertast
657 1033 736 1091 lama
757 1032 881 1091 remissa
902 1032 993 1106 Pylo;

222 1117 262 1174 65
282 1115 418 1173 misimus
439 1120 469 1173 et
489 1114 632 1190 Sparten:
655 1112 761 1188 Sparte
782 1130 901 1189 quoque
921 1111 1021 1170 nescia
1041 1110 1113 1169 veri.

322 1212 396 1272 quas
417 1195 532 1253 habitas
552 1199 648 1252 terras
667 1202 720 1251 aut
741 1193 792 1251 ubi
812 1192 913 1251 lentus
932 1193 1024 1250 abes?

282 1275 386 1333 utilius
408 1280 521 1332 starent
540 1274 712 1332 etiamnunc
732 1272 847 1331 moenia
868 1271 995 1330 Phoebi:

321 1355 444 1430 (irascor
466 1354 541 1411 votis
562 1354 636 1412 heu!
659 1353 736 1411 levis
756 1353 821 1429 ipsa
842 1352 928 1426 meis)

285 1434 406 1505 scirem,
427 1434 477 1492 ubi
499 1450 663 1509 pugnares,
685 1442 716 1491 11
737 1439 851 1491 tantum
874 1432 951 1490 bella
972 1431 1122 1502 timerem,

223 1516 263 1573 70
322 1522 353 1573 11
373 1533 439 1572 mea
459 1532 527 1572 cum
548 1514 652 1571 multis
672 1513 773 1571 iuncta
794 1512 915 1588 querela
935 1511 1020 1570 foret.

284 1594 355 1671 quid
376 1594 512 1666 timeam,
533 1594 651 1668 ignoro:
672 1593 764 1651 timeo
784 1602 881 1651 tamen
904 1592 1002 1649 omnia
1023 1590 1161 1660 demens,

322 1681 352 1732 11
372 1680 455 1750 patet
475 1674 506 1731 iu
527 1692 616 1732 curas
636 1691 704 1731 areu
725 1674 784 1730 lata
807 1691 902 1731 meas:

283 1773 487 1830 quaecumque
501 1772 612 1830 aequor
626 1755 726 1825 hahet,
742 1771 947 1828 quemcumque
962 1750 1093 1826 pericula
1107 1748 1211 1820 tellus,

323 1841 383 1892 tam
403 1835 510 1908 longae
530 1851 636 1892 causas
658 1833 794 1908 suspicor
814 1850 880 1890 esse
902 1849 1009 1889 morae.

224 1916 264 1972 75
284 1915 357 1973 haec
377 1932 433 1989 ego
454 1915 526 1972 dum
547 1915 639 1972 stulte
661 1923 775 1985 metuo,
797 1931 873 1989 quae
896 1920 993 1970 vestra
1013 1909 1149 1980 libidost,

323 2012 389 2053 esse
411 1994 568 2070 peregrino
589 2001 695 2070 captus
715 2011 815 2051 amore
838 2000 936 2068 potes3
1250 1985 1253 1991 “

282 2074 406 2133 forsitan
427 2084 458 2133 et
478 2092 595 2147 narres,
618 2092 707 2150 quam
729 2073 768 2131 sit
789 2073 842 2131 tibi
866 2072 976 2130 rustica
996 2069 1142 2140 coniunx,

323 2173 399 2229 quae
420 2160 534 2212 tantum
557 2155 640 2212 lanas
661 2172 719 2212 non
742 2153 819 2211 sinat
839 2170 906 2211 esse
927 2151 1025 2209 rudes

283 2235 384 2306 fallar,
405 2242 436 2292 et
457 2236 512 2292 hoc
533 2234 645 2292 crimen
667 2240 773 2292 tenues
795 2240 933 2291 vanescat
952 2231 983 2288 in
1004 2246 1106 2300 auras,

225 2316 264 2373 80
324 2333 415 2386 neve,
436 2314 604 2373 revertendi
625 2314 716 2385 liber,
737 2315 841 2372 abesse
862 2312 951 2371 velis!

284 2414 331 2454 me
352 2401 439 2470 pater
458 2393 572 2452 Icarius
594 2394 683 2451 viduo
705 2393 860 2452 discedere
880 2394 958 2451 lecto

323 2475 404 2550 cogit
424 2480 455 2533 et
475 2474 626 2532 inmensas
646 2473 782 2549 increpat
803 2491 898 2549 usque
920 2490 1024 2531 moras,

284 2556 420 2632 increpet
439 2572 535 2630 usque
555 2554 641 2612 licet!
665 2562 716 2612 tua
738 2571 819 2626 sum,
841 2560 892 2611 tua
913 2552 997 2611 dicar
1018 2557 1149 2628 oportet:

323 2635 473 2710 Penelope
494 2634 624 2692 coniunx
646 2652 764 2710 semper
785 2634 883 2691 Ulixis
904 2651 963 2692 ero.

226 2717 264 2773 85
283 2715 335 2774 ille
356 2721 456 2773 tamen
478 2714 589 2790 pietate
609 2732 675 2772 mea
696 2714 894 2790 precibusque
915 2712 1033 2789 pudicis

323 2794 472 2869 frangitur
493 2800 523 2853 11
544 2794 624 2853 vires
644 2801 792 2869 temperat
813 2794 877 2870 ipse
900 2811 984 2851 suas:

283 2874 417 2933 Dulichii
439 2874 590 2950 Samiique
611 2882 656 2947 11,
678 2892 753 2951 quos
775 2875 845 2932 tulit
864 2875 925 2931 alta
945 2873 1128 2946 Zacynthos,

323 2955 411 3013 turba.
432 2961 523 3012 ruunt
543 2955 573 3011 in
597 2973 643 3013 me
664 2954 819 3012 luxuriosa
839 2954 920 3030 proci

117 3196 211 3245 stand.
227 3222 262 3229 —
278 3192 322 3246 62.
342 3196 476 3245 charta:
491 3199 607 3259 papiam
625 3197 657 3244 de
674 3196 851 3260 schrijfkunst
867 3197 889 3245 is
907 3197 984 3245 reker
1001 3197 1051 3244 den
1070 3195 1185 3244 Grieken
1200 3199 1246 3243 ten

117 3262 189 3327 tijde
208 3277 258 3311 van
275 3263 407 3311 Homerus
424 3263 529 3311 baltend
547 3267 674 3326 geweest3
692 3264 724 3311 de
739 3278 855 3326 papyrus
868 3265 907 3312 als
919 3262 1150 3326 schrijfmateriaal
1162 3262 1247 3310 wordt

119 3331 176 3378 wel
200 3330 223 3378 is
245 3344 316 3379 waar
338 3330 366 3378 in
389 3329 520 3378 Homerus
541 3344 654 3393 uergens
672 3331 816 3392 genoemd,
840 3345 914 3378 maar
932 3345 985 3378 was
1003 3335 1065 3378 toen
1082 3331 1110 3377 in
1128 3331 1247 3393 Aegypte

121 3396 203 3444 reeds
220 3410 329 3446 eeuwen
346 3396 375 3444 in
393 3396 519 3458 gebruik,
537 3395 633 3460 terwijl
651 3397 682 3445 de
700 3396 815 3445 Grielren
832 3402 877 3445 ten
896 3396 960 3461 tijde
978 3412 1028 3445 van
1047 3396 1177 3445 Homerus
1192 3400 1248 3444 met

120 3463 244 3525 Aegypte
268 3478 326 3511 zeer
349 3463 415 3526 goed
438 3463 543 3512 belrend
567 3477 663 3511 waren.
694 3463 747 3511 Van
766 3477 816 3511 een
833 3464 1034 3513 anachronisme
1052 3465 1104 3513 han
1123 3464 1180 3514 hier
1197 3464 1248 3512 dus

121 3542 203 3576 macr
219 3532 258 3578 tot
273 3544 307 3592 op
325 3530 418 3578 zekere
436 3530 532 3592 hoogte
549 3530 643 3591 sprahe
661 3530 721 3593 zijn.
739 3556 772 3563 -
790 3526 834 3579 67.
854 3530 985 3579 moenia
1003 3531 1142 3580 Phoebi:
1161 3531 1247 3579 Phoe-

121 3594 180 3643 bus
204 3593 317 3658 (Apollo)
342 3610 376 3645 en
403 3596 547 3658 Neptunus
573 3597 677 3645 haddon
702 3598 833 3659 geholpen
860 3611 910 3645 aen
938 3599 983 3646 het
1005 3598 1117 3646 bouwen
1141 3612 1191 3646 van
1215 3599 1247 3647 de

122 3675 227 3711 muron
250 3678 303 3712 van
330 3662 416 3725 Trojc.
440 3689 474 3696 -
496 3658 541 3713 87.
569 3662 736 3712 Dulichii:
763 3677 813 3711 ran
837 3666 884 3712 het
906 3664 993 3712 eiland
1017 3664 1184 3727 Dulichium,
1211 3664 1246 3728 bij

122 3727 221 3777 Ithaca
242 3730 364 3793 gelegen‚
389 3743 477 3778 waren
501 3745 530 3778 er
552 3728 585 3777 52
609 3730 700 3794 vrijers
720 3728 865 3792 gekomen‚
888 3744 938 3778 van
958 3732 1004 3779 het
1020 3731 1107 3778 eiland
1126 3732 1204 3781 Same
1221 3731 1250 3780 of

122 3793 225 3843 Sarnus
242 3792 333 3859 (Σάμη
352 3796 380 3845 11
395 3791 501 3858 Σάμος,
525 3797 722 3858 tegenwoordig
739 3793 911 3858 Cephallenia
928 3798 1055 3860 genoemd
1074 3811 1107 3845 en
1126 3799 1175 3847 dus
1193 3798 1249 3845 niet

121 3864 155 3907 11
183 3874 326 3911 rerwarren
349 3867 407 3911 met
430 3864 476 3911 het
498 3863 617 3912 behende
639 3864 727 3912 eiland
752 3862 779 3909 in
804 3864 835 3911 de
863 3862 1020 3926 Aegaeische
1044 3861 1104 3924 Zee)
1127 3864 1173 3926 cl,
1198 3878 1248 3911 ran

123 3924 292 3990 Zacynthus,
318 3930 368 3979 ook
394 3944 443 3979 eeu
469 3930 516 3977 der
541 3931 660 3980 lonische
686 3929 809 3978 eilanden
836 3927 883 3989 20,
912 3932 951 3977 uit
976 3931 1067 3977 Ithaca
1091 3929 1198 3976 111111.
1216 3954 1248 3960 -
