2850 4409
718 160 754 217 12

335 348 452 402 ornatas
473 344 564 403 armis
584 344 696 420 pariter
716 345 887 422 pariterque
906 346 1065 421 animatas,

295 423 314 481 0
333 424 450 483 fervere
470 442 539 482 eum
559 424 662 485 videas
683 426 810 484 classem
830 426 950 502 lateque
970 428 1087 502 vagari,

334 503 382 562 his
403 503 458 562 tibi
478 510 544 563 tum
564 506 654 563 rebus
674 505 843 565 timefactae
864 506 1025 581 religiones

275 583 314 640 45
335 583 484 658 effugiunt
503 583 602 643 animo
622 585 764 660 pavidae,
784 586 949 663 mortisque
969 586 1092 646 timores

335 668 401 722 tum
421 682 548 723 vacuum
568 670 675 741 pectus
695 665 813 724 lincunt
833 684 964 743 curaque
986 667 1126 725 solutum.

334 744 415 819 qued
435 744 462 802 si
482 743 609 803 ridicula
629 746 704 804 haec
722 745 912 823 ludibriaque
932 764 999 805 esse
1020 746 1173 821 videmus,

333 841 367 882 re
387 841 517 901 veraque
537 829 636 883 metus
656 825 811 885 hominum
831 844 980 903 curaeque
1001 844 1147 903 sequaces

334 921 390 962 nec
409 909 549 963 metuunt
570 904 685 963 sonitus
705 924 856 964 armerum
876 924 932 965 nec
950 907 1015 966 fera
1034 907 1109 981 tela,

276 983 314 1041 50
334 983 536 1060 audacterque
556 983 742 1060 interreges
762 1003 923 1063 rerumque
944 986 1075 1062 potentis

333 1068 506 1138 versantur,
527 1082 626 1141 neque
645 1065 794 1140 fulgorem
814 1074 990 1125 reverentur
1009 1068 1046 1126 ab
1067 1085 1139 1126 aura

335 1161 390 1203 nec
410 1144 524 1203 clarum
544 1144 638 1204 vestis
659 1146 850 1221 splendorem
870 1147 1046 1223 purpureai,

335 1223 409 1300 quid
429 1223 548 1283 dubitas
569 1223 643 1301 quin
662 1224 753 1283 omni'
775 1225 816 1285 sit
835 1226 910 1285 haee
932 1226 1048 1285 rationi'
1070 1229 1224 1303 potestas?

334 1303 431 1362 omnis
452 1322 520 1362 eum
541 1303 573 1362 in
593 1304 725 1364 tenebris
744 1305 922 1381 praesertim
943 1306 1005 1365 vita
1024 1306 1145 1366 laboret.

276 1383 313 1440 55
334 1402 402 1441 nam
423 1384 518 1443 veluti
538 1384 625 1461 pueri
645 1385 798 1461 trepidant
817 1392 908 1462 atque
929 1386 1027 1445 omnia
1047 1386 1147 1446 caeeis

333 1462 365 1521 in
385 1463 517 1523 tenebris
537 1469 691 1539 metuunt,
713 1465 757 1524 sie
777 1483 832 1524 uos
852 1466 885 1524 in
904 1466 975 1525 luce
995 1467 1137 1526 timemus

333 1542 501 1618 interdum,
521 1544 583 1603 nilo
603 1562 679 1621 quae
701 1551 772 1604 sunt
792 1547 954 1605 metuenda
974 1547 1069 1621 magis
1090 1565 1180 1622 quam

242 1680 244 1684 .
334 1641 411 1699 quae
431 1623 517 1700 pueri
537 1624 569 1682 in
589 1624 721 1684 tenebris
741 1625 876 1701 pavitant
896 1627 1073 1704 fingrmtque
1092 1628 1202 1685 futura.

333 1703 415 1763 hunc
436 1703 530 1779 igitur
550 1709 693 1764 terrorem
713 1704 805 1763 animi
825 1708 1024 1783 tenebrasque
1043 1715 1196 1766 necessest

275 1783 313 1841 60
334 1801 394 1841 non
413 1783 489 1842 radii
511 1784 583 1842 selis
603 1802 701 1862 neque
721 1785 822 1845 lucida
842 1786 902 1845 tela
922 1786 983 1845 diei

333 1861 509 1937 discutiant,
531 1864 585 1923 sed
604 1871 729 1924 naturae
750 1865 865 1941 species
886 1866 1029 1943 ratioque.

681 2108 788 2115 ...—

172 2347 312 2409 cientis,
335 2360 384 2395 cen
406 2346 619 2408 spieqclpevecbt
643 2346 790 2395 leverende.
812 2371 845 2379 —
869 2342 915 2396 42.
943 2360 1037 2395 ecum
1055 2360 1242 2423 :equorum
1262 2373 1299 2381 —

171 2409 198 2463 ⁰.
222 2412 275 2462 Het
295 2427 354 2462 vers
371 2413 436 2462 door
452 2410 469 2460 0
486 2413 635 2476 nangeduid
653 2413 739 2462 werdt
754 2413 783 2461 in
800 2413 832 2462 de
850 2413 1053 2461 handschriften
1071 2418 1128 2476 nret
1144 2414 1297 2478 gevonden,

172 2480 239 2529 doch
264 2480 328 2528 door
352 2479 403 2528 den
429 2479 619 2541 grammaticus
642 2479 745 2529 Nonius
768 2480 932 2542 cangehaald
956 2480 998 2528 uit
1020 2479 1096 2528 Lucr.
1119 2479 1163 2528 lib.
1187 2480 1219 2528 ll.
1245 2480 1299 2530 Zea

171 2547 244 2609 volgt
266 2561 299 2608 op
322 2561 409 2609 cum,
433 2559 506 2594 cum
529 2543 570 2607 (41
596 2560 630 2594 en
653 2543 681 2606 0)
704 2551 790 2609 tum,
814 2550 884 2594 tum
908 2543 953 2607 (44
976 2560 1010 2594 en
1031 2542 1084 2607 ld).
1101 2571 1135 2579 —
1152 2542 1198 2596 46.
1225 2547 1297 2596 lin-

171 2617 266 2662 cunt:
299 2614 384 2661 zaoals
416 2626 515 2675 quom
545 2626 676 2676 ongeveer
706 2626 758 2661 van
790 2613 823 2661 de
854 2612 939 2676 dagen
970 2627 1022 2661 van
1054 2611 1144 2662 Cicero
1169 2612 1199 2661 af
1222 2628 1296 2663 cum

171 2679 593 2795 getblssdtlatttb
606 2679 779 2795 inlidi
793 2676 1118 2796 <¹⁴³bGli1¹ilin⁰
1142 2679 1191 2795 b?
1198 2686 1282 2796 {tlt
1289 2718 1296 2745 ²

171 2761 205 2862 d}
218 2761 325 2876 'glarvrsrj
346 2783 388 2861 die
414 2812 536 2860 afstraalt
562 2826 613 2861 van
632 2761 659 2861 qt
681 2813 765 2876 gend,
781 2783 839 2861 'dat
863 2782 896 2861 de
922 2761 1057 2876 loningen
1082 2781 1126 2862 eri.
1142 2785 1298 2878 machtigeri

171 2881 278 2943 dragen.
296 2904 329 2913 -
346 2875 391 2929 53.
416 2877 519 2928 Omni'
537 2880 728 2928 ..reticuit
752 2880 817 2928 zelfs
840 2893 893 2942 neg
912 2882 958 2928 ten
975 2879 1040 2943 tijde
1058 2894 1109 2928 van
1127 2878 1230 2943 Cicero,
1254 2880 1296 2930 of-

171 2947 269 2997 schcon
293 2946 336 2995 die
359 2945 495 3009 uitspraak
519 2945 583 2995 door
606 2946 669 2994 hem
692 2946 769 2995 reads
786 2946 937 2995 subrustice
954 2947 1084 3009 genoemd
1101 2946 1199 3010 wurdt,
1222 2948 1295 2996 werd

171 3028 223 3062 van
245 3014 278 3062 de
296 3013 442 3076 uitgangen
460 3027 498 3061 us
515 3026 550 3060 en
567 3013 596 3062 is
614 3012 729 3076 dikwijls
746 3012 778 3061 de
796 3027 809 3061 s
826 3014 991 3076 weggelaten
1009 3010 1073 3062 vbdr
1089 3013 1295 3064 medeklinkers.

171 3078 310 3130 Lucretius
333 3080 426 3128 maakt
448 3093 499 3127 van
524 3079 563 3127 dit
585 3080 684 3128 middel
700 3084 743 3128 ter
759 3079 914 3143 verkarting
930 3093 981 3128 van
998 3080 1051 3128 den
1068 3080 1139 3128 duur
1155 3080 1202 3129 der
1218 3080 1297 3129 eind·

171 3147 292 3211 syllaben
315 3161 365 3196 een
388 3146 435 3209 vrij
458 3146 608 3209 veelvuldig
624 3146 751 3210 gebruik,
775 3148 860 3195 latere
877 3146 993 3195 dichters
1010 3147 1102 3195 zelden
1119 3147 1148 3195 of
1163 3147 1244 3196 nooit.
1262 3173 1297 3182 -

171 3215 327 3263 omnis:
346 3214 461 3262 omnino.
487 3238 521 3245 -
548 3208 592 3263 6⁰.
625 3211 757 3262 Ofsehoon
783 3213 846 3261 door
872 3227 982 3276 neque
1007 3213 1159 3262 verbanden
1185 3213 1237 3277 zijn
1262 3214 1297 3264 de

171 3280 288 3330 lucida
305 3281 377 3329 tela
394 3280 463 3328 diei
481 3294 511 3321 =
530 3279 619 3328 radii
636 3280 726 3328 solis
745 3279 815 3328 Toch
833 3281 873 3327 zal
892 3280 923 3328 de
940 3279 1298 3343 dichterwelgeeneijdele

171 3347 316 3411 tautologie
333 3347 444 3396 bedoeld
462 3345 574 3395 hebben.
595 3346 625 3394 ln
644 3346 664 3395 ’t
680 3346 846 3409 voorgaande
863 3360 922 3395 vers
939 3347 1050 3395 noemde
1068 3345 1104 3410 hij
1124 3351 1296 3397 terrorem

171 3413 278 3463 animi
300 3413 550 3476 tenebrasque,
575 3412 681 3476 waarbij
706 3427 740 3475 ep
762 3418 789 3461 te
809 3412 920 3461 merken
938 3414 1006 3475 vait,
1030 3414 1076 3462 dat
1093 3413 1125 3461 de
1142 3417 1227 3462 eerste
1244 3429 1295 3463 een

170 3482 264 3544 gevolg
280 3481 303 3529 is
320 3494 372 3528 van
389 3480 421 3528 de
438 3479 548 3529 tweede.
566 3479 635 3528 Daar
647 3482 791 3543 tegenover
802 3478 923 3542 schijnen
936 3479 995 3528 hier
1006 3479 1150 3529 ehiastisch
1162 3484 1189 3528 te
1202 3483 1296 3531 staan:

171 3547 208 3602 de,
221 3546 287 3596 radii
305 3547 367 3595 solis
383 3552 527 3609 tegenover
544 3546 577 3594 de
594 3546 720 3596 tenebrae
737 3560 770 3594 en
788 3546 820 3594 de
837 3547 926 3595 lucida
943 3547 998 3595 tela
1015 3547 1068 3595 diei
1084 3551 1228 3609 tegenover
1241 3548 1296 3597 den

170 3618 256 3672 terror
273 3611 315 3675 (of
329 3614 411 3662 liever
428 3614 474 3661 dat
491 3618 545 3662 wat
562 3612 613 3661 den
630 3617 717 3661 terror
733 3610 928 3676 veroorzaakt),
946 3628 990 3662 om
1008 3613 1070 3662 hem
1088 3614 1127 3661 als
1142 3627 1192 3662 een
1205 3613 1295 3678 vijand

170 3685 197 3729 te
214 3680 371 3744 verdrijven.
390 3705 423 3713 —
441 3676 477 3729 61.
496 3683 645 3728 naturae
662 3680 797 3742 species
814 3680 990 3743 ratioque,
1008 3681 1107 3742 species
1124 3679 1172 3728 het
1186 3681 1300 3731 heldere

170 3762 203 3796 en
227 3745 372 3810 duidelijlre
393 3746 469 3796 beeld
488 3746 667 3809 dannatum,
689 3746 753 3795 door
770 3746 945 3810 nandechtige
962 3746 1169 3809 aenschouwing
1186 3747 1296 3797 verkre·

170 3829 235 3878 gen,
253 3815 304 3878 vgl.
322 3814 347 3877 Ι,
365 3811 428 3877 950,
447 3814 478 3861 de
492 3812 574 3875 ratio,
593 3814 625 3861 de
638 3814 821 3875 wetenschap‚
839 3813 871 3860 de
884 3812 979 3862 kennis
992 3826 1043 3862 van
1055 3813 1106 3862 den
1119 3813 1295 3878 onderlingen

170 3881 336 3944 samenhang
354 3881 401 3929 der
417 3879 632 3944 verschijnselen.
