2850 4409
658 176 693 233 11

270 361 404 421 iucundo
426 379 532 434 sensu,
554 380 626 421 cura
646 366 760 421 semota
781 364 943 439 metuque?

211 442 252 500 20
272 443 345 517 ergo
363 459 535 518 corpoream
556 442 595 499 ad
614 448 752 500 naturam
772 459 867 518 pauca
887 441 1025 501 videmus

272 539 339 581 esse
360 539 436 598 opus
457 521 596 595 omnino,
613 539 689 598 quae
710 521 833 580 demant
852 539 980 598 cumque
1000 519 1142 580 dolorem.

273 601 396 661 delicias
418 619 537 678 quoque
557 601 603 660 uti
624 602 735 660 multas
756 603 946 661 substernere
966 600 1083 678 possint

272 681 387 757 gratius
407 681 575 755 interdum,
595 698 694 759 neque
714 687 820 740 natura
839 682 906 757 ipsa
925 680 1066 759 requirit,

273 761 299 820 si
319 779 378 820 non
398 779 489 820 aurea
510 765 581 821 sunt
600 760 745 820 iuvenum
765 760 924 820 simulacra
944 779 999 839 per
1018 761 1108 820 aedes

212 842 252 900 25
272 841 426 917 lampadas
446 840 589 917 igniferas
609 840 747 900 manibus
766 841 926 901 retinentia
946 840 1077 915 dextris,

273 920 386 980 lumina
406 920 561 980 nocturnis
581 920 680 997 epulis
700 926 736 979 ut
756 920 1002 998 suppeditentur,

272 1019 328 1060 nec
348 1000 455 1060 domus
475 1005 599 1076 argento
618 1001 717 1077 fulget
736 997 868 1077 auroque
888 1000 1021 1074 renidet,

272 1099 328 1140 nec
348 1080 462 1140 eithara
482 1082 606 1140 reboant
624 1081 763 1157 laqueata
782 1086 945 1157 auumque
965 1086 1061 1154 tecta,

272 1179 341 1220 oum
361 1166 462 1220 tamen
481 1161 561 1220 inter
581 1178 614 1220 se
634 1160 776 1237 prostrati
795 1160 825 1219 in
848 1160 981 1237 gramiroe
1002 1160 1085 1219 molli

211 1242 252 1300 30
272 1246 395 1317 propter
413 1258 509 1317 aquae
529 1240 625 1300 rivum
649 1242 705 1300 sub
725 1240 816 1300 ramis
836 1240 950 1300 arboris
969 1241 1047 1300 altae

272 1338 331 1379 non
352 1320 468 1396 magnis
488 1320 595 1397 opibus
614 1320 746 1381 iucunde
766 1339 889 1397 corpora
909 1325 1028 1394 curant,

272 1401 449 1477 praesertim
470 1419 542 1460 cum
561 1406 725 1477 tempestas
745 1400 864 1460 adridet
883 1406 914 1460 et
934 1400 1003 1459 anni

273 1485 406 1558 tempora
427 1486 630 1557 conspergunt
649 1480 808 1539 viridantis
829 1480 951 1539 floribus
971 1481 1087 1539 herbas.

272 1578 328 1619 nec
348 1560 462 1619 calidae
484 1560 573 1620 citius
594 1560 746 1619 decedunt
765 1578 887 1638 corpore
906 1560 1020 1633 febres,

209 1641 252 1699 35
273 1639 430 1700 textilibus
452 1640 478 1699 si
498 1640 531 1697 in
550 1640 677 1717 picturis
697 1646 838 1717 ostroque
858 1637 977 1699 rubenti

271 1719 407 1794 iacteris,
428 1738 518 1797 quam
539 1720 565 1779 si
586 1719 618 1778 iri
638 1720 755 1796 plebeia
775 1727 860 1780 veste
881 1720 1052 1779 cubandum
1072 1723 1127 1779 est.

273 1806 455 1877 quapropter
474 1800 615 1877 quoniam
635 1799 679 1858 nil
698 1806 800 1859 nostro
820 1800 852 1858 in
872 1818 994 1877 corpore
1013 1817 1104 1875 gazae

271 1879 432 1955 proficiunt
452 1897 549 1957 neque
570 1879 709 1939 nobilitas
730 1897 787 1939 nec
806 1879 900 1955 gloria
919 1878 1020 1955 regni,

272 1960 353 2036 quod
367 1965 532 2036 superest,
549 1959 647 2019 animo
662 1977 781 2037 quoqne
795 1960 839 2018 nil
851 1959 994 2035 prodesse
1008 1958 1188 2035 putandum:

210 2041 250 2099 40
272 2039 299 2097 si
320 2058 378 2098 non
398 2040 475 2099 forte
496 2045 563 2098 tuas
584 2039 718 2115 legiones
738 2058 792 2116 per
811 2039 876 2098 loca
897 2039 994 2116 campi

271 2120 388 2178 fervere
408 2138 477 2178 cum
497 2119 615 2193 videas,
636 2119 708 2178 belli
730 2119 887 2178 simulacra
908 2118 1029 2192 cientis,

273 2198 416 2258 subsidiis
437 2199 554 2274 magnis
575 2205 606 2258 et
626 2217 711 2259 ecum
733 2199 763 2257 ri
784 2199 1001 2273 constabilitas,

111 2425 146 2479 21.
165 2430 316 2488 demant3
333 2428 371 2476 let
382 2442 415 2489 op
427 2427 479 2476 den
488 2427 685 2489 coniunctivus,
698 2426 948 2489 niettegenstaande
961 2441 1191 2490 quaecumque.
1201 2452 1235 2461 -

110 2492 154 2545 22.
179 2495 329 2559 possint:
354 2493 457 2556 subject
473 2494 496 2542 is
513 2508 617 2542 aurea
641 2494 844 2556 simulacra,
868 2494 984 2543 domus
1006 2498 1149 2558 argento
1166 2495 1234 2543 ful-

112 2576 195 2625 gens
215 2576 288 2610 enzr.
316 2561 365 2623 „Al
382 2560 493 2609 kunnen
511 2575 539 2608 re
557 2561 607 2608 ook
624 2559 745 2624 somtijds
763 2560 810 2623 vrij
830 2574 994 2623 sangenaam
1012 2562 1070 2609 vele
1087 2575 1235 2625 genoegeus

12 2625 13 2630 ’
110 2643 142 2692 op
159 2643 209 2677 ons
226 2628 278 2691 pad
295 2627 424 2690 strooien‚
443 2628 505 2676 toch
522 2627 596 2675 heeft
612 2627 645 2675 de
662 2631 763 2675 natuur
781 2641 809 2675 ze
826 2627 882 2675 niet
897 2627 1006 2690 noodig,
1023 2628 1114 2677 indien
1127 2641 1156 2676 er
1167 2642 1234 2691 geen

27 2709 31 2716 ’
111 2695 216 2759 gouden
233 2694 344 2743 beelden
364 2708 414 2742 van
424 2693 597 2757 jongelingen
610 2693 638 2741 in
651 2708 714 2742 onze
728 2693 824 2742 huizen
837 2692 902 2757 zijn,
920 2694 962 2742 die
974 2708 1046 2743 enzr.
1057 2731 1063 2743 .
1075 2731 1096 2744 ..
1109 2708 1235 2743 wanneer

111 2776 173 2812 men
196 2775 273 2810 maur
297 2759 370 2822 (cum
393 2764 484 2809 tamen
508 2774 544 2808 vs.
567 2757 612 2820 29)
635 2759 803 2823 neergevleid
820 2759 848 2808 in
866 2760 886 2808 ’t
903 2762 994 2810 zachte
1012 2775 1072 2824 gras
1139 2761 1235 2810 zonder

111 2834 201 2892 groote
219 2828 315 2877 kosten
332 2842 405 2876 enzv.
419 2852 453 2860 -
468 2822 512 2876 23.
531 2826 617 2888 ipsa,
635 2827 763 2891 namelijk
781 2831 835 2875 wat
851 2828 923 2890 volgt
940 2841 1040 2876 aurea
1057 2828 1235 2878 simulacra

111 2910 166 2944 enz.
189 2887 293 2945 -er
319 2894 448 2957 fulget,
472 2894 504 2941 de
528 2893 622 2942 laatste
646 2893 749 2957 syllabe
768 2894 845 2956 lang,
868 2907 934 2942 eene
951 2893 1075 2958 vrijheid,
1099 2894 1140 2943 die
1158 2893 1233 2942 Lucr.

112 2962 167 3012 zich
190 2961 291 3010 sicchts
308 2962 461 3022 tweernaal,
485 2959 581 3023 Vergil.
599 2961 762 3008 meermalen
781 2960 856 3008 heeft
873 2960 1042 3009 veroorloofd.
1060 2985 1094 2993 -
1110 2956 1156 3010 28.
1183 2962 1233 3009 la·

110 3032 239 3092 queata
254 3064 277 3075 ..
293 3028 435 3088 templa,
459 3026 491 3074 de
515 3027 632 3075 ruimtcn
656 3027 685 3076 of
706 3026 866 3075 vertrekken
889 3032 945 3075 met
962 3027 1082 3089 plafonds
1099 3027 1233 3089 voorzien,

112 3094 325 3159 geplafonneerd.
350 3092 391 3141 Zie
409 3094 441 3141 de
459 3107 546 3141 aanrn.
564 3092 598 3157 bij
617 3108 654 3142 vs.
673 3092 687 3140 7
705 3107 739 3142 en
756 3091 780 3142 8.
805 3093 856 3141 ilat
873 3094 935 3141 dere
952 3093 1073 3156 plafonds
1091 3097 1147 3141 met
1163 3094 1233 3156 goud

111 3161 288 3211 overtrokken
306 3173 395 3208 waren
412 3174 468 3208 was
484 3159 518 3223 bij
538 3159 570 3208 de
586 3158 653 3222 rijke
667 3159 814 3208 Romeinen
827 3174 885 3208 zeer
897 3174 1019 3223 gewoon,
1037 3174 1071 3208 eu
1083 3160 1130 3208 dat
1141 3160 1235 3208 verder

112 3229 149 3277 dit
170 3232 297 3277 aurata
319 3227 448 3275 volstrekt
471 3226 528 3275 niet
551 3226 689 3289 overtollig
711 3227 747 3288 is,
771 3226 896 3276 ofschoon
920 3240 1074 3290 auroque
1097 3226 1235 3276 renidet

112 3295 277 3358 voorafgaat‚
294 3293 317 3341 is
333 3293 475 3357 duidelijk,
493 3306 618 3341 wanneer
631 3306 692 3341 men
705 3293 835 3355 bedenkt‚
854 3293 900 3341 dat
912 3294 959 3342 het
971 3293 1065 3357 geheel
1077 3294 1127 3342 iets
1139 3294 1234 3343 anders

112 3362 132 3410 is
153 3362 182 3410 of
202 3376 266 3409 men
288 3364 347 3422 negt
365 3361 410 3408 dat
427 3360 474 3408 het
491 3360 552 3407 huis
569 3359 693 3408 schittert
709 3374 760 3408 van
778 3359 861 3422 goud,
886 3360 991 3422 gouden
1008 3374 1177 3423 voorwerpen
1195 3362 1234 3411 als

111 3427 225 3490 sieraad,
250 3427 280 3476 of
301 3426 347 3474 dat
370 3426 417 3474 het
440 3426 547 3489 platond
570 3431 626 3473 met
649 3426 719 3489 goud
743 3426 919 3475 overtrolrken
942 3428 972 3475 is.
993 3451 1026 3460 -
1048 3422 1093 3476 29.
1119 3433 1234 3477 tamen

112 3499 254 3559 tegenover
272 3493 300 3541 si
318 3507 384 3541 non
401 3506 453 3540 ran
470 3491 510 3540 24.
528 3517 561 3525 -
579 3488 614 3542 31.
633 3497 770 3554 curant,
788 3506 850 3541 men
869 3499 994 3556 vemorgt.
1012 3518 1045 3527 —
1063 3490 1107 3544 35.
1126 3495 1233 3544 texti-

112 3562 200 3610 libus
215 3597 237 3609 ..
256 3559 407 3622 picturis
430 3573 553 3621 pcwccen
574 3573 608 3608 en
631 3557 734 3621 sterlijlr
756 3560 870 3619 pestitte
893 3560 1001 3621 spreien
1024 3560 1057 3622 of
1076 3562 1184 3611 debeas.
1201 3586 1234 3595 -—

111 3623 152 3678 36.
179 3626 341 3688 laeteris,
364 3640 428 3675 men
451 3625 508 3674 zich
531 3626 654 3686 carusttp
680 3626 747 3674 been
770 3640 803 3674 en
826 3640 896 3675 wear
917 3627 1035 3689 ruentelt,
1059 3629 1110 3691 vgl.
1134 3643 1168 3677 vs.
1187 3627 1233 3690 44,

111 3709 180 3744 cum
205 3694 334 3743 videas.
357 3716 391 3725 -
413 3687 457 3741 37.
484 3705 599 3755 gazae:
646 3705 704 3740 aza
727 3687 793 3753 γάζα
812 3693 910 3741 schat
928 3694 1131 3755 komtopdeze
1149 3695 1235 3757 plaats

113 3761 154 3810 het
176 3764 250 3811 cerst
273 3773 336 3807 roor
358 3758 387 3806 in
410 3758 428 3806 't
447 3757 543 3821 Latijn.
566 3783 600 3791 -
623 3706 669 3807 {lb
697 3757 725 3806 si
749 3773 814 3807 non
837 3759 965 3808 forte..
981 3775 1054 3809 cum
1077 3761 1233 3809 videas..

112 3832 177 3878 tum
193 3864 217 3877 ..
234 3824 418 3888 effugiunt
436 3840 467 3867 =
485 3825 536 3873 nisi
559 3825 642 3886 forte,
666 3825 695 3873 of
711 3824 758 3872 het
776 3831 861 3874 incest
878 3825 1031 3890 zijn..cett.
1049 3852 1083 3861 -
1100 3822 1138 3877 41.
1162 3827 1234 3875 fer-

112 3895 197 3945 vire:
216 3908 265 3942 roo
283 3890 397 3954 dikwijls
415 3891 446 3939 de
459 3891 556 3940 oudere
569 3890 685 3939 dichters
697 3905 731 3939 en
743 3891 794 3939 ook
807 3891 882 3955 Verg.
900 3892 1031 3941 —belli
1048 3893 1235 3942 simulacra
