2850 4409
667 155 703 212 97

447 382 671 442 LYGDAMI
702 383 925 443 ELEGIAE.

592 637 595 647 .
670 587 706 645 V.

489 784 626 823 annosas
649 784 749 822 rrrrra
771 784 882 823 rosana

289 934 350 998 Vos
370 941 466 1006 tenet,
488 935 624 993 Etruscis
646 943 745 992 manat
766 935 995 1010 quaesentibus
1017 936 1110 1000 unda,

328 1015 407 1073 unda
429 1016 483 1073 sub
504 1015 652 1073 aestiuum
674 1033 732 1073 non
753 1015 889 1073 adeunda
912 1016 1037 1086 Canem,

287 1113 366 1152 uunc
386 1104 486 1153 autem
508 1096 600 1153 sacris
621 1095 761 1153 Baiarum
781 1094 917 1171 proxima
939 1096 1087 1171 lymphis,

327 1193 395 1233 cum
417 1193 449 1233 se
470 1193 620 1251 purpureo
642 1193 712 1233 rere
734 1174 859 1233 remittit
881 1176 1005 1233 humus:

246 1258 267 1312 ἶ)
286 1261 317 1312 at
337 1254 411 1313 mihi
432 1255 623 1331 Persephone
645 1255 759 1329 nigram
782 1255 938 1313 denuntiat
959 1257 1076 1314 horam:

326 1334 474 1393 immerito
495 1335 597 1394 iuveni
618 1353 706 1410 parce
729 1353 849 1402 nocere,
871 1336 934 1393 dea.

287 1433 346 1472 non
367 1433 422 1490 ego
442 1415 586 1490 temptari
609 1414 683 1472 nulli
704 1415 876 1472 temeranda
898 1415 1028 1473 virorum

326 1495 425 1552 audax
446 1495 613 1553 laudandae
635 1512 718 1552 sacra
739 1495 845 1553 docere
867 1495 955 1566 deae3

274 1592 342 1632 nec
363 1593 428 1633 mea
449 1574 610 1633 mortiferis
631 1573 735 1632 infecit
755 1575 862 1650 pocula
883 1576 963 1633 sucis

229 1658 267 1711 lo
328 1655 452 1713 dextera
472 1673 528 1713 uec
548 1654 688 1730 cuiqnam
709 1655 779 1712 trita
800 1673 914 1713 venena
935 1654 1034 1728 dedit3

288 1752 342 1792 uec
363 1752 417 1792 nos
438 1735 602 1808 sacrilegos
623 1735 745 1810 templis
766 1735 953 1792 admovimus
974 1737 1074 1809 ignes,

327 1832 382 1872 nec
403 1833 453 1872 cor
473 1815 637 1872 sollicitant
657 1815 736 1872 furta
756 1816 884 1873 nefanda
906 1834 1020 1890 meum3

287 1912 342 1952 nec
362 1912 417 1952 uos
438 1894 559 1952 insanae
582 1894 760 1952 meditantes
781 1895 878 1970 iurgia
899 1896 1008 1953 mentis

327 1974 419 2050 impia
440 1975 471 2031 in
491 1975 634 2033 adversos
655 1975 799 2032 solvimus
821 1994 871 2032 ora
892 1975 971 2034 deos.

230 2056 267 2111 15
288 2061 318 2112 et
337 2055 470 2112 nondum
491 2054 557 2113 cani
579 2050 683 2129 nigros'
700 2055 814 2113 laesere
835 2053 973 2131 capillos,

327 2152 381 2193 nec
402 2135 485 2192 venit
506 2135 590 2192 tardo
612 2153 702 2192 curva
724 2143 843 2193 senecta
864 2136 949 2211 pede.

288 2215 416 2273 natalem
440 2215 533 2290 primo
554 2224 689 2272 nostrum
711 2214 813 2284 yidere
833 2224 988 2291 parentes,

328 2313 396 2352 cum
417 2295 529 2353 cecidit
549 2296 610 2352 fato
631 2296 735 2353 consul
757 2302 883 2371 uterque
905 2296 978 2371 pari.

288 2374 359 2450 quid
380 2375 519 2433 fraudare
540 2375 623 2433 iuvat
644 2375 736 2433 vitem
757 2376 960 2434 crescentibus
981 2375 1048 2432 uvis

229 2454 267 2511 20
327 2462 357 2513 et
377 2455 465 2513 modo
486 2451 555 2512 nata
576 2456 653 2512 mala
674 2456 785 2513 vellere
805 2474 893 2531 poma
913 2458 1023 2513 manu?
1054 2469 1057 2474 ·

287 2535 414 2609 parcite,
436 2536 583 2609 pallentes
605 2536 700 2593 undas
722 2535 902 2611 quicumque
923 2535 1032 2593 tenetis

121 2672 252 2681 “——nr
279 2673 285 2676 v

158 2741 177 2793 l.
212 2742 366 2792 Etruscis
398 2743 570 2792 fontibus:
601 2744 628 2790 in
658 2743 764 2790 Etrurie'
795 2758 883 2790 waren
915 2745 971 2791 rele
998 2743 1169 2803 badplaatsen
1195 2752 1249 2794 met

121 2825 226 2860 warmc
250 2807 367 2869 (daarom
391 2824 428 2858 vs.
447 2809 463 2857 2
484 2809 533 2857 suh
551 2816 616 2857 aest.
634 2824 685 2857 uon
705 2810 745 2857 ad.
763 2807 838 2870 Can.)
856 2810 988 2870 brunnen³
1013 2809 1068 2868 die,
1091 2810 1154 2858 daar
1172 2812 1202 2874 zij
1221 2813 1247 2859 in

122 2879 157 2926 de
186 2876 318 2939 nabijheid
346 2891 397 2924 van
424 2876 507 2925 Rome
534 2891 635 2938 waren,
663 2877 720 2924 niet
746 2876 848 2924 minder
873 2877 981 2925 bezocht
1009 2877 1114 2924 werden
1141 2878 1192 2925 dan
1217 2879 1248 2926 de

122 2943 268 2993 beroemde
294 2944 384 2992 baden
402 2949 430 2991 te
454 2943 531 2991 Baiae
555 2943 581 2990 iu
606 2941 756 3004 Campania.
774 2969 807 2975 —
824 2940 849 2993 3.
878 2944 1043 3004 proxima,
1072 2959 1122 3004 uu,
1147 2945 1175 2992 in
1198 2946 1249 2992 deu

123 3010 263 3073 lenterijd,
289 3011 308 3058 't
333 3009 446 3072 naastbij
475 3010 605 3058 kornende
631 3024 681 3057 aan
708 3009 740 3056 de
767 3010 850 3057 baden
878 3025 927 3058 van
954 3010 1039 3057 Baiae.
1065 3035 1097 3042 —
1123 3006 1149 3059 8.
1177 3011 1248 3058 lau-

123 3078 259 3127 dandae
282 3077 377 3132 deae,
401 3077 439 3124 de
463 3076 550 3124 bona
573 3077 646 3138 dea,
672 3077 735 3124 wier
756 3076 904 3124 hoofdfeest
921 3077 949 3124 in
966 3078 1016 3125 den
1036 3077 1117 3125 nacht
1134 3091 1168 3125 en
1186 3079 1250 3126 door

123 3158 253 3193 rrouwen
275 3144 380 3206 gevierd
405 3143 490 3192 werd:
514 3143 565 3191 den
589 3158 705 3191 mannen
730 3157 784 3191 was
807 3143 838 3191 de
862 3150 976 3205 toegang
996 3148 1087 3205 streng
1104 3144 1249 3207 verboden‚

124 3212 192 3260 zelfs
215 3211 338 3259 mochten
362 3225 480 3258 mannen
503 3210 559 3257 niet
581 3224 645 3257 eens
667 3210 718 3257 den
743 3224 820 3258 naam
845 3210 891 3258 der
914 3210 993 3273 godin
1017 3215 1117 3272 weten‚
1143 3209 1194 3261 Cic.
1218 3213 1249 3260 de

124 3278 240 3339 Harusp.
264 3277 339 3339 Resp.
362 3276 408 3339 17,
432 3274 478 3324 37:
505 3276 574 3339 quod
599 3277 707 3338 quidem
731 3276 887 3325 sacrificium
906 3284 968 3325 ante
987 3277 1013 3324 P.
1032 3275 1153 3326 Clodium
1172 3294 1250 3328 nemo

123 3345 200 3395 omni
224 3346 349 3392 memoria
373 3344 494 3405 violavit,
518 3358 595 3391 nemo
614 3358 743 3405 umquam
761 3344 840 3403 adiit,
864 3358 942 3391 nemo
960 3344 1090 3406 neglexit,
1115 3361 1193 3394 nemo
1212 3348 1250 3394 rir

124 3412 243 3473 aspicere
256 3426 308 3460 non
320 3411 438 3472 horruit3
455 3410 524 3472 quod
539 3409 569 3458 lit
582 3424 628 3471 per
640 3410 755 3472 virgines
768 3410 893 3470 VestaliS,
910 3410 939 3458 sit
953 3425 996 3472 pro
1010 3411 1105 3473 populo
1118 3412 1250 3476 Romana

125 3479 157 3527 lit
174 3479 202 3525 in
220 3491 252 3525 ea
269 3479 360 3540 domo,
379 3491 449 3539 quae
463 3477 542 3524 estin
555 3477 679 3538 imperio,
697 3475 728 3524 fit
741 3477 887 3525 incredibili
899 3478 1071 3539 caerimonia,
1089 3477 1122 3526 dt
1134 3481 1158 3528 ei
1172 3481 1249 3531 deae.

123 3546 203 3594 cuius
226 3559 259 3592 ne
283 3559 382 3593 nomen
406 3543 514 3606 quidem
539 3544 606 3591 viros
624 3544 690 3592 scire
708 3544 748 3592 fas
766 3549 814 3592 est.
832 3569 864 3577 —
883 3540 918 3593 18.
943 3547 1063 3592 consul
1088 3536 1249 3610 uterque}

123 3613 157 3660 de
175 3613 282 3659 consuls
299 3611 403 3659 Hirtius
421 3625 454 3658 en
473 3610 558 3657 Pansa
575 3610 661 3658 vielen
679 3610 754 3658 beide
772 3611 799 3658 in
814 3611 864 3658 den
877 3610 973 3658 Mutiu.
986 3613 1089 3674 oorIog,
1107 3612 1140 3661 43
1152 3630 1174 3661 u.
1189 3614 1248 3662 Clu:

123 3679 195 3727 Voor
211 3678 332 3727 Tibullus
350 3681 410 3740 past
428 3677 466 3724 dit
484 3677 666 3739 geboortejaar
683 3676 831 3740 natuurlijk
851 3678 914 3725 niet.
932 3675 988 3726 Ook
1007 3676 1116 3726 Ovidius
1129 3686 1185 3742 negt
1199 3696 1248 3728 ran

122 3747 196 3795 zich:
220 3744 297 3793 Trist.
316 3745 361 3807 lV,
382 3743 429 3800 10,
447 3743 476 3791 5:
494 3743 587 3791 Editus
605 3744 667 3792 hinc
685 3758 733 3806 ego
751 3758 824 3805 sum,
843 3758 891 3792 nec
909 3759 962 3792 non
981 3750 1011 3792 ut
1028 3749 1146 3806 tempora
1165 3749 1249 3806 noris,

121 3813 344 3862 eumoccidit
363 3812 430 3859 fato
449 3811 562 3859 consul
581 3807 917 3873 uterquepari.—2l.
936 3812 1110 3872 pallentes
1128 3814 1249 3860 undas:

122 3880 228 3942 pallens
242 3895 276 3928 eu
294 3878 424 3942 palliduS,
444 3877 530 3938 blech,
548 3878 609 3925 ocal
626 3878 648 3924 is
665 3878 731 3924 alles
750 3882 802 3924 wat.
814 3878 840 3924 iu
855 3878 886 3925 de
899 3878 1080 3925 onderwereld
1095 3879 1129 3925 is:
1149 3880 1206 3925 hier
1218 3880 1249 3923 ‹le

157 3984 296 4038 wormac,
315 3973 399 4022 Serta
416 3970 555 4031 Romana,
573 3970 604 4018 ie
622 3970 698 4017 drnk.
1168 3967 1182 4012 7
