2850 4409
656 169 710 226 171

322 360 353 413 et
372 354 448 412 nitet
467 353 590 412 inducto
610 353 737 412 candida
758 354 845 412 barba
866 354 952 429 gelu,

281 434 420 510 nudaque
441 433 623 504 consistunt,
644 434 769 492 formam
790 434 936 492 servantia
959 439 1069 504 testae,

321 514 404 586 vina,
425 532 481 572 nec
501 514 608 571 hausta
628 514 718 584 meri,
740 513 793 572 sed
816 513 884 572 data
904 515 1000 571 frusta
1021 513 1134 572 bibunt.

222 595 262 651 25
282 593 355 671 quid
375 593 494 669 loquar,
516 601 550 651 ut
569 593 662 652 vincti
683 599 875 652 concrescant
894 593 1005 668 frigore
1025 592 1097 663 rivi,

322 673 419 750 deque
441 674 508 732 lacu
529 673 651 748 fragiles
672 672 852 732 effodiantur
871 675 987 749 aquae?

282 753 362 829 ipse,
384 753 554 829 papyrifero
575 753 626 829 qui
647 770 706 811 non
726 753 881 829 angustior
900 771 1002 824 amne,

323 833 465 892 miscetur
487 839 569 892 vasto
591 834 683 891 multa
703 851 829 908 perora
848 834 940 902 freto,

283 912 435 972 caeruleos
455 913 553 971 ventis
574 913 681 972 latices
702 913 893 982 durantibus,
915 912 1018 971 Hister

224 991 262 1050 30
324 993 461 1068 congelat
480 999 511 1051 et
532 993 619 1052 tectis
639 993 671 1050 in
692 1011 773 1051 mare
795 993 888 1069 serpit
908 993 1003 1069 aquis.

284 1091 402 1149 quaque
421 1081 501 1132 rates
521 1073 632 1146 ierant,
653 1073 781 1148 pedibus
801 1091 881 1131 nunc
901 1073 976 1142 itur,
997 1079 1028 1131 et
1048 1072 1144 1130 undas

323 1152 433 1228 frigore
453 1159 606 1212 concretas
627 1153 740 1227 rmgula
761 1153 861 1229 pulsat
881 1152 967 1229 equi:

283 1250 396 1309 perque
416 1251 508 1291 novos
529 1240 635 1309 pontes
647 1234 760 1291 'subter
779 1232 947 1291 labentibus
968 1232 1058 1290 undis

323 1313 438 1371 ducunt
458 1312 612 1372 Sarmatici
634 1314 757 1371 barbara
778 1312 910 1388 plaustra
933 1314 1030 1371 boves.

224 1394 264 1450 35
284 1393 335 1450 rix
357 1393 497 1469 equidem
517 1393 635 1462 credar,
657 1393 710 1451 sed
732 1410 801 1450 cnm
823 1392 883 1450 sint
904 1393 1035 1467 praemia
1055 1391 1123 1450 falsi

324 1473 422 1546 nulla,
444 1481 537 1531 ratam
559 1473 648 1532 debet
669 1472 757 1531 testis
778 1473 887 1531 habere
909 1473 1007 1530 fidem.

285 1553 415 1612 vidimus
435 1553 588 1628 ingentem
608 1552 704 1627 glacie
724 1552 887 1611 consistere
907 1558 1045 1628 pontum,

324 1633 497 1709 lubricaque
518 1634 656 1691 immotas
677 1638 755 1691 testa
777 1633 928 1708 premebat
948 1650 1051 1707 aquas.

284 1731 339 1772 nec
359 1713 472 1772 vidisse
493 1720 540 1771 sat
559 1719 621 1785 est,
644 1713 751 1771 durum
774 1712 954 1771 calcavimus
973 1730 1099 1788 aequor,

225 1795 264 1851 40
324 1793 464 1869 undaque
484 1811 543 1851 non
563 1793 623 1850 udo
645 1794 700 1850 sub
721 1793 798 1868 pede
820 1810 935 1850 summa
956 1791 1022 1851 fuit.

285 1873 310 1931 si
331 1873 385 1931 tibi
406 1873 466 1931 tale
487 1874 597 1931 fretum
618 1873 782 1949 quondam,
805 1872 955 1944 Leandre,
976 1872 1098 1943 inisset,

326 1970 385 2011 non
405 1953 482 2012 foret
501 1960 646 2028 angustae
665 1969 747 2011 mors
767 1961 820 2011 tua
839 1952 952 2011 crimen
973 1969 1076 2027 aquae.

286 2039 350 2092 tirm
371 2051 468 2109 neque
490 2050 522 2091 se
543 2033 633 2109 pandi
655 2041 782 2109 possunt
802 2032 960 2107 delphines
980 2032 1012 2089 in
1032 2049 1119 2089 arares

327 2113 447 2189 tollere,
469 2120 609 2171 conantes
630 2113 705 2171 dura
725 2120 843 2171 coercet
863 2112 967 2170 hiems.

224 2194 264 2251 45
285 2199 316 2252 et
336 2192 473 2270 quamius
495 2194 598 2251 boreas
619 2192 736 2251 iactatis
757 2192 875 2250 insonet
895 2192 966 2262 alie,

325 2273 438 2331 fluctus
458 2273 490 2330 in
511 2274 631 2331 obsesso
652 2273 771 2347 gurgite
791 2272 893 2330 nullus
913 2272 985 2342 erit3

286 2353 479 2429 inclusaeque
499 2353 569 2427 gelu
591 2354 727 2422 stabunt,
750 2359 782 2410 ut
803 2370 962 2422 marmore,
985 2368 1116 2427 puppes,

327 2451 382 2491 nec
402 2432 512 2509 poterit
533 2432 645 2508 rigidas
666 2432 780 2491 findere
801 2450 902 2490 remus
922 2449 1022 2508 aquas.

289 2512 417 2571 vidimus
437 2512 468 2570 in
489 2513 584 2587 glacie
605 2513 706 2588 pisces
728 2512 850 2571 haerere
869 2512 993 2587 ligatos,

226 2594 264 2651 50
327 2592 380 2652 sed
401 2610 471 2668 pars
492 2611 531 2651 ex
552 2592 614 2651 illis
635 2599 707 2651 tunc
727 2610 845 2668 quoque
867 2592 934 2649 xiva
954 2592 1020 2650 fuit

286 2673 350 2731 sive
370 2672 463 2746 igitur
483 2672 567 2730 nimii
589 2674 693 2731 boreae
714 2673 761 2729 vis
783 2690 869 2730 saeva
891 2672 1033 2742 marinaS,

122 2891 211 2941 ventis
235 2904 377 2944 concusso:
404 2890 454 2951 agl.
478 2903 514 2937 vs
538 2888 578 2937 17.
600 2914 634 2921 -
657 2884 701 2938 27.
729 2888 930 2950 papyrifero
956 2902 1065 2935 amne:
1092 2887 1124 2934 de
1149 2885 1202 2948 Nijl
1227 2887 1248 2934 ia

122 2958 228 3008 bekend
252 2958 292 3005 als
316 2956 348 3004 de
371 2960 485 3016 stroom,
509 2970 559 3003 aan
582 2955 665 3004 wells
688 2969 779 3003 nevers
802 2955 834 3003 de
854 2956 1046 3018 papyrusplant
1063 2952 1182 3016 grooide,
1206 2952 1248 2999 die

121 3026 211 3075 elders
228 3023 322 3072 zeldeu
340 3021 385 3085 (op
402 3020 502 3083 Sicilie)
518 3023 547 3070 of
561 3023 616 3071 niet
628 3021 766 3085 gerunden
777 3022 856 3070 werd.
869 3045 902 3054 -
914 3017 960 3071 28.
979 3021 1087 3068 multa
1127 3034 1161 3068 er
1178 3033 1248 3066 ora:

122 3093 155 3141 de
181 3091 276 3140 Donau
300 3093 412 3138 stroomt
435 3088 499 3138 door
521 3091 578 3137 vele
603 3088 718 3137 monden
740 3088 780 3136 uit
798 3088 824 3136 in
843 3088 875 3135 de
894 3087 943 3135 Zw.
961 3086 1017 3136 Zee.
1035 3112 1069 3119 —
1124 3121 1131 3135 .
1158 3090 1249 3133 testa

121 3159 145 3208 is
169 3158 230 3206 hier
255 3157 304 3204 het
320 3155 366 3219 ijs,
389 3155 436 3203 dat
453 3157 492 3204 als
508 3170 559 3203 een
576 3161 685 3204 steenen
704 3154 830 3217 plaveisel
846 3168 910 3203 over
926 3154 973 3202 het
990 3158 1073 3201 water
1089 3167 1143 3201 was
1161 3153 1248 3214 nitge-

124 3224 221 3274 streht.
234 3249 268 3257 -
280 3218 319 3272 41.
338 3221 503 3270 Leandre:
521 3221 653 3282 Leander,
665 3236 713 3269 een
724 3221 863 3284 iongeling
873 3226 901 3269 te
913 3221 1035 3284 Abydus,
1048 3234 1129 3269 zwom
1142 3220 1248 3267 iederen

123 3291 208 3341 nacht
231 3303 295 3338 over
311 3289 363 3337 den
381 3289 535 3350 Hellespont
552 3302 617 3337 naar
634 3288 740 3349 SestuS,
764 3302 835 3337 waar
852 3287 919 3351 zijne
936 3288 1060 3350 gelicide,
1079 3287 1161 3349 llere,
1184 3301 1249 3335 eene

121 3359 267 3422 priesteres
285 3369 337 3404 van
355 3355 512 3417 Aphrodite,
534 3355 649 3404 woonde.
676 3353 716 3418 Op
733 3356 796 3403 deza
812 3355 922 3403 tochteu
940 3356 1009 3402 werd
1029 3353 1065 3418 hij
1083 3354 1168 3418 geleid
1187 3354 1251 3402 door

122 3426 171 3474 het
196 3424 264 3472 licht
288 3436 340 3471 van
363 3422 415 3470 den
437 3427 515 3471 toren
537 3427 565 3470 te
589 3421 688 3471 Sestus.
714 3422 785 3470 Toen
809 3422 901 3470 echter
923 3436 987 3470 eens
1008 3422 1056 3470 het
1072 3421 1138 3471 licht
1154 3421 1183 3470 in
1200 3436 1249 3470 een

122 3490 337 3553 stormachtigen
350 3490 432 3537 nacht
443 3503 497 3537 was
511 3488 677 3551 uitgedooid,
694 3489 823 3536 verdronk
839 3488 874 3553 hij
886 3487 1049 3552 jammerlijh
1062 3488 1090 3537 in
1102 3488 1135 3537 de
1147 3489 1250 3552 golren.

119 3559 197 3607 Toen
222 3557 292 3605 Hero
317 3556 364 3605 het
382 3554 429 3618 lijk
447 3569 498 3603 aan
516 3555 578 3603 land
596 3569 644 3617 zag
660 3555 763 3618 drijven
781 3554 863 3617 wierp
879 3570 907 3602 ze
925 3555 981 3604 zieh
999 3555 1026 3604 in
1044 3570 1101 3619 zee,
1124 3571 1168 3604 om
1186 3557 1251 3604 haar

121 3624 240 3689 geliefde
263 3624 292 3670 in
316 3622 367 3671 den
391 3622 457 3670 deod
481 3626 508 3670 te
531 3623 632 3684 volgen.
656 3620 714 3685 Vgl.
733 3621 858 3671 Schillers
875 3622 943 3671 llere
960 3636 994 3670 en
1011 3622 1137 3671 Leander.
1164 3622 1250 3671 Dezen

120 3690 294 3740 Griekschen
318 3688 466 3750 vocativus,
490 3702 541 3736 van
563 3688 616 3736 den
639 3686 683 3736 Gr.
702 3688 801 3736 nomin.
819 3688 964 3750 Leandros,
988 3689 1064 3737 vindt
1080 3704 1142 3738 men
1159 3689 1187 3736 in
1206 3689 1251 3737 het

123 3756 215 3821 LatiJn
234 3754 403 3819 gewooulijk.
415 3750 507 3803 -42,
524 3755 798 3804 mors..crimen:
817 3757 867 3817 vgl.
886 3756 959 3817 Prop.
977 3754 1006 3817 2,
1020 3754 1065 3818 28,
1080 3756 1109 3805 2:
1127 3760 1183 3804 tam
1197 3755 1250 3804 ior-

123 3839 200 3874 rnosa
214 3828 296 3872 tuum
309 3826 417 3871 mortua
428 3822 529 3871 crimen
541 3821 600 3869 erit.
612 3846 645 3854 —
657 3817 704 3871 43.
722 3820 824 3882 pandi
836 3858 841 3869 .
851 3822 1062 3883 delphines:
1079 3823 1112 3871 de
1124 3820 1250 3883 doliijneu

125 3890 233 3940 hebben
243 3904 293 3938 een
302 3888 526 3952 cylindervorrnig
533 3887 655 3936 lichaam.
664 3913 699 3921 —
706 3884 743 3938 51.
756 3888 811 3934 sive
821 3887 914 3937 boreae
924 3889 962 3937 vis
973 3890 1061 3950 cogit
1070 3887 1113 3948 (=
1118 3886 1251 3948 congelat)
