2850 4409
683 156 743 215 220

260 345 292 402 ’5
312 343 367 403 sed
385 343 491 402 faciles
511 344 608 402 buxos
628 349 660 402 et
679 360 787 419 opacas
807 341 941 418 palmitis
961 341 1082 401 umbras

352 441 488 500 quaeque
508 423 607 482 virent
626 422 758 482 lacrimis
777 421 897 481 roscida
917 426 1003 498 prata
1022 419 1098 479 mais

311 502 428 580 accipe,
449 521 517 562 care
537 520 627 580 puer,
648 502 743 561 nostri
763 506 955 561 monumenta
975 500 1102 560 doloris:

351 583 402 642 hic
421 582 477 642 tibi
496 588 642 659 perpetuo
662 588 797 659 tempore
817 581 899 641 vivet
918 581 1020 641 honor.

312 681 382 722 cum
401 662 476 722 milri
497 680 653 739 supremos
674 662 818 721 Lachesis
838 660 1009 738 pernoverit
1029 677 1137 732 annos,

254 743 292 802 10
352 761 412 802 non
431 742 519 801 aliter
540 741 658 802 cineres
678 742 787 801 mando
806 741 903 801 iacere
924 758 1015 800 meos.

663 961 694 1034 1,
717 961 764 1020 97.

314 1157 390 1217 (lum
406 1159 536 1217 clamant
553 1174 669 1230 omnes,
687 1156 820 1233 loqueris
835 1162 920 1229 tunc,
937 1155 1083 1230 Naevole,
1100 1159 1233 1229 tantum,

353 1243 384 1297 et
404 1243 435 1297 te
454 1244 613 1314 patronum
633 1236 878 1313 causidicumque
898 1242 996 1312 putas.

313 1318 369 1377 hac
389 1318 505 1395 ratione
522 1322 622 1394 potest
642 1334 730 1376 nemo
749 1334 809 1375 non
829 1334 897 1376 esse
918 1316 1059 1375 disertus.

353 1416 438 1471 ecce,
459 1404 559 1456 tacent
579 1414 697 1456 omnes:
718 1395 866 1470 Naevcle,
888 1396 938 1455 dic
957 1395 1081 1473 aliquid.

655 1618 686 1692 1,
709 1620 776 1678 117.

395 1805 535 1866 Occurris
557 1806 711 1884 quotiens,
733 1807 885 1882 Luperca,
906 1805 1007 1865 nobis:

395 1887 459 1961 „vis
479 1886 597 1945 mittam
617 1886 764 1962 puerum’'
786 1886 912 1945 subinde
934 1885 1025 1960 dicis,

396 1967 462 2041 „cui
482 1967 583 2026 tradas
603 1966 838 2043 epigrammaton
859 1966 1010 2038 libellum,

395 2048 506 2107 lectum
528 2065 616 2124 quem
638 2047 693 2106 tibi
713 2046 851 2122 protinus
871 2044 1062 2105 remittam‘?”

356 2128 374 2185 5
395 2145 454 2186 non
474 2127 623 2203 estquod
643 2145 785 2204 puerum,
806 2126 957 2202 Luperee,
978 2142 1080 2184 vexes.

395 2208 518 2283 longum
538 2214 599 2279 est,
622 2206 647 2265 si
668 2206 743 2266 velit
763 2206 802 2264 ad
821 2206 926 2265 Pirum
947 2205 1064 2277 venire,

395 2294 426 2357 et
447 2286 536 2346 scalis
555 2286 656 2345 habite
677 2287 789 2359 tribus,
811 2287 864 2346 sed
884 2285 962 2345 altis.

396 2367 477 2444 quod
497 2367 616 2444 quaeris
636 2367 762 2443 propius
782 2371 867 2442 petas
886 2365 997 2425 licebit

286 2458 290 2463 ’
396 2447 470 2523 Argi
490 2464 598 2523 nempe
621 2447 699 2505 soles
721 2445 821 2505 subire
840 2447 951 2505 letum:

338 2527 375 2586 10
396 2534 501 2586 eontra
522 2526 658 2585 Caesaris
678 2532 726 2585 est
745 2526 843 2584 lorum
863 2526 985 2585 taberna

397 2606 517 2684 scriptis
538 2606 674 2683 pestibus
693 2606 765 2665 binc
785 2612 816 2664 et
835 2605 906 2664 inde
926 2604 1013 2677 totis,

397 2704 500 2763 omnes
520 2696 555 2745 ut
574 2686 633 2745 cito
654 2686 792 2762 perlegas
813 2691 924 2762 poetas.

395 2766 479 2826 illinc
500 2785 548 2826 me
568 2772 653 2844 pete,
673 2784 729 2825 nec
750 2783 838 2841 roges
859 2767 1031 2837 Atrectum,
1051 2797 1093 2808 -

156 3010 238 3060 Rome
261 3024 327 3060 naar
350 3008 452 3071 Labici,
477 3022 530 3057 was
552 3007 672 3057 Alcimus
690 3007 832 3070 begraven.
849 3033 883 3041 —
900 3003 926 3057 9.
951 3008 1129 3070 Lachesis,
1152 3023 1219 3057 eene
1236 3010 1287 3059 der

156 3079 212 3127 drie
230 3078 340 3140 Parcae,
358 3076 400 3124 die
417 3077 470 3124 deu
487 3075 659 3124 levensdraad
676 3089 750 3136 spon.

189 3146 214 3207 1,
231 3142 272 3194 97.
308 3140 325 3194 Ι.
344 3142 517 3192 Naevolus
534 3142 556 3190 is
573 3155 623 3189 een
641 3139 808 3203 gesmgeerde
826 3154 913 3189 naam.

190 3214 216 3275 l,
233 3210 290 3260 117.
327 3206 344 3260 Ι.
363 3209 528 3272 Luperca,
546 3207 666 3270 iemand,
685 3207 727 3255 die
744 3221 842 3270 gaarne
854 3207 886 3256 de
899 3208 1076 3269 puntdicbten
1088 3221 1140 3257 van
1152 3207 1287 3258 Martialis

155 3282 208 3343 lae,
235 3292 310 3327 maar
335 3292 363 3326 ze
389 3276 471 3325 liever
496 3276 552 3323 niet
579 3275 672 3337 kocbt,
699 3288 745 3323 zoe
768 3275 808 3323 als
831 3288 957 3323 ermeer
979 3275 1043 3325 door
1065 3275 1128 3323 hem
1150 3276 1283 3338 gencemd

156 3344 277 3408 worden,
295 3345 346 3408 vgl.
364 3342 407 3403 lV,
425 3337 550 3392 11-6.
568 3342 606 3391 ad
625 3340 754 3404 Pirum,
772 3341 820 3403 „in
832 3341 870 3390 ‘de
886 3340 981 3404 Peer'',
998 3355 1031 3404 cp
1048 3341 1100 3390 den
1114 3341 1285 3407 westelijken

156 3412 222 3462 rand
241 3425 293 3459 van
310 3411 363 3459 den
380 3409 538 3470 Quirinalis3
557 3409 621 3457 daur
636 3407 747 3456 woonde
764 3407 893 3457 Martialis
905 3405 922 3456 3
933 3408 1002 3471 imag
1013 3422 1046 3471 op
1058 3407 1173 3457 kamers.
1191 3408 1287 3458 Elders

156 3478 198 3596 SV,
215 3475 261 3539 11,
278 3475 306 3538 3)
331 3482 390 3539 negt
415 3475 465 3539 bij:
493 3475 554 3537 „sed
577 3474 733 3523 Tiburtinae
756 3489 816 3523 sum
840 3474 975 3537 proximus
997 3475 1086 3524 accola
1108 3474 1227 3537 pilae”.
1249 3499 1285 3510 -

175 3580 182 3595 .
202 3543 298 3606 Argi.
310 3580 316 3591 .
326 3544 400 3591 letu
408 3557 449 3605 m,
467 3541 501 3606 bij
520 3541 594 3607 wijze
609 3555 660 3589 van
675 3541 768 3590 tmesis
779 3555 842 3590 vcor
853 3541 1016 3604 Argiletum,
1033 3555 1106 3590 waar
1117 3541 1150 3590 de
1162 3540 1288 3605 uitgever

158 3625 210 3660 van
227 3608 364 3657 Martialis'
383 3609 584 3672 Epigrammen,
602 3607 727 3657 Atrectus
741 3606 790 3668 (vs.
801 3605 860 3671 13),
877 3608 1001 3671 woonde,
1018 3607 1069 3672 vgl.
1084 3609 1130 3656 het
1141 3606 1174 3657 3e
1186 3609 1284 3673 epigr.‚

159 3691 231 3727 waar
248 3676 281 3723 de
300 3675 402 3724 dichter
419 3680 459 3724 tet
474 3675 525 3739 zijn
537 3674 605 3724 bcek
618 3682 689 3738 zegt:
707 3673 893 3738 „Argiletanas
904 3675 989 3724 mavis
1001 3673 1121 3724 habitare
1132 3674 1287 3738 tabernas”,

157 3747 210 3793 dan
234 3740 269 3804 bij
295 3739 340 3804 nrij
365 3741 393 3789 in
417 3741 499 3805 mijne
524 3742 584 3790 last
603 3746 630 3790 11
648 3741 743 3804 liggen.
761 3767 795 3775 —
812 3736 848 3791 lu.
872 3739 1031 3791 Caesaris
1047 3741 1214 3805 ..icrum,
1237 3742 1287 3791 het

158 3811 254 3860 Forum
284 3806 383 3855 lnlimn
407 3821 465 3869 pag.
488 3805 551 3870 178,
575 3822 611 3856 vs.
635 3804 772 3858 111-11.
799 3808 837 3856 De
859 3806 1041 3857 boekwinkels
1062 3822 1153 3858 waren
1176 3823 1229 3857 aan
1252 3809 1288 3858 de

158 3880 251 3940 posten
269 3877 326 3921 met
342 3887 460 3937 opgaven
478 3887 529 3921 van
547 3873 663 3937 becken,
682 3874 724 3922 die
741 3880 768 3924 te
787 3875 854 3936 koop
872 3888 975 3938 waren,
992 3875 1099 3925 bedelrt.
1116 3900 1149 3909 —
1167 3871 1203 3925 131
1223 3889 1288 3925 nec
