<?xml version="1.0" encoding="UTF-8"?>
<!DOCTYPE html PUBLIC "-//W3C//DTD XHTML 1.0 Transitional//EN"
    "http://www.w3.org/TR/xhtml1/DTD/xhtml1-transitional.dtd">
<html xmlns="http://www.w3.org/1999/xhtml" xml:lang="en" lang="en">
 <head>
  <title>
</title>
<meta http-equiv="Content-Type" content="text/html;charset=utf-8" />
  <meta name='ocr-system' content='tesseract 3.04.00' />
  <meta name='ocr-capabilities' content='ocr_page ocr_carea ocr_par ocr_line ocrx_word'/>
</head>
<body>
  <div class='ocr_page' id='page_1' title='image "./sertaromanapoet00woltgoog_0258.png"; bbox 0 0 2850 4409; ppageno 0'>
   <div class='ocr_carea' id='block_1_1' title="bbox 718 162 777 219">
    <p class='ocr_par' dir='ltr' id='par_1_1' title="bbox 718 162 777 219">
     <span class='ocr_line' id='line_1_1' title="bbox 718 162 777 219; baseline 0.017 -1"><span class='ocrx_word' id='word_1_1' title='bbox 718 162 777 219; x_wconf 76' lang='lat'>246</span> 
     </span>
    </p>
   </div>
   <div class='ocr_carea' id='block_1_2' title="bbox 288 346 1270 1943">
    <p class='ocr_par' dir='ltr' id='par_1_2' title="bbox 288 346 1270 1943">
     <span class='ocr_line' id='line_1_2' title="bbox 346 346 1075 423; baseline 0 -18"><span class='ocrx_word' id='word_1_2' title='bbox 346 347 453 406; x_wconf 83' lang='lat' dir='ltr'>incidit</span> <span class='ocrx_word' id='word_1_3' title='bbox 472 346 593 406; x_wconf 88' lang='lat' dir='ltr'>Adriaci</span> <span class='ocrx_word' id='word_1_4' title='bbox 614 347 744 423; x_wconf 86' lang='lat' dir='ltr'>spatium</span> <span class='ocrx_word' id='word_1_5' title='bbox 764 346 939 407; x_wconf 84' lang='lat' dir='ltr'>admirabile</span> <span class='ocrx_word' id='word_1_6' title='bbox 959 347 1075 407; x_wconf 82' lang='lat' dir='ltr'>rhombi</span> 
     </span>
     <span class='ocr_line' id='line_1_3' title="bbox 288 427 1253 504; baseline 0 -19"><span class='ocrx_word' id='word_1_7' title='bbox 288 428 327 485; x_wconf 83' lang='lat'>40</span> <span class='ocrx_word' id='word_1_8' title='bbox 348 434 417 486; x_wconf 89' lang='lat' dir='ltr'>aute</span> <span class='ocrx_word' id='word_1_9' title='bbox 438 427 559 486; x_wconf 89' lang='lat' dir='ltr'>domum</span> <span class='ocrx_word' id='word_1_10' title='bbox 579 427 723 501; x_wconf 87' lang='lat' dir='ltr'>Veneris,</span> <span class='ocrx_word' id='word_1_11' title='bbox 744 446 834 504; x_wconf 91' lang='lat' dir='ltr'>quam</span> <span class='ocrx_word' id='word_1_12' title='bbox 855 427 963 487; x_wconf 89' lang='lat' dir='ltr'>Dorica</span> <span class='ocrx_word' id='word_1_13' title='bbox 983 428 1111 487; x_wconf 88' lang='lat' dir='ltr'>sustinet</span> <span class='ocrx_word' id='word_1_14' title='bbox 1131 428 1253 500; x_wconf 90' lang='lat' dir='ltr'>Ancon,</span> 
     </span>
     <span class='ocr_line' id='line_1_4' title="bbox 347 506 1211 584; baseline 0 -19"><span class='ocrx_word' id='word_1_15' title='bbox 347 506 543 584; x_wconf 77' lang='lat' dir='ltr'>implevitque</span> <span class='ocrx_word' id='word_1_16' title='bbox 559 507 663 584; x_wconf 85' lang='lat' dir='ltr'>¹sinus;</span> <span class='ocrx_word' id='word_1_17' title='bbox 684 526 740 567; x_wconf 88' lang='lat' dir='ltr'>nec</span> <span class='ocrx_word' id='word_1_18' title='bbox 761 507 841 566; x_wconf 89' lang='lat' dir='ltr'>enim</span> <span class='ocrx_word' id='word_1_19' title='bbox 862 506 958 566; x_wconf 88' lang='lat' dir='ltr'>minor</span> <span class='ocrx_word' id='word_1_20' title='bbox 977 509 1114 566; x_wconf 81' lang='lat' dir='ltr'>haeserat</span> <span class='ocrx_word' id='word_1_21' title='bbox 1133 507 1211 581; x_wconf 87' lang='lat' dir='ltr'>illis,</span> 
     </span>
     <span class='ocr_line' id='line_1_5' title="bbox 348 587 1143 664; baseline 0.001 -20"><span class='ocrx_word' id='word_1_22' title='bbox 348 605 423 664; x_wconf 89' lang='lat' dir='ltr'>quos</span> <span class='ocrx_word' id='word_1_23' title='bbox 444 588 540 664; x_wconf 88' lang='lat' dir='ltr'>operit</span> <span class='ocrx_word' id='word_1_24' title='bbox 560 588 672 663; x_wconf 82' lang='lat' dir='ltr'>glacies</span> <span class='ocrx_word' id='word_1_25' title='bbox 691 587 837 646; x_wconf 85' lang='lat' dir='ltr'>Maeotica</span> <span class='ocrx_word' id='word_1_26' title='bbox 857 592 1004 664; x_wconf 87' lang='lat' dir='ltr'>ruptaque</span> <span class='ocrx_word' id='word_1_27' title='bbox 1024 588 1143 646; x_wconf 89' lang='lat' dir='ltr'>tandem</span> 
     </span>
     <span class='ocr_line' id='line_1_6' title="bbox 349 667 1049 742; baseline 0.001 -17"><span class='ocrx_word' id='word_1_28' title='bbox 349 667 462 726; x_wconf 86' lang='lat' dir='ltr'>solibus</span> <span class='ocrx_word' id='word_1_29' title='bbox 482 667 610 726; x_wconf 88' lang='lat' dir='ltr'>effundit</span> <span class='ocrx_word' id='word_1_30' title='bbox 630 667 771 726; x_wconf 84' lang='lat' dir='ltr'>torrentis</span> <span class='ocrx_word' id='word_1_31' title='bbox 792 667 831 725; x_wconf 91' lang='lat' dir='ltr'>ad</span> <span class='ocrx_word' id='word_1_32' title='bbox 851 667 926 726; x_wconf 88' lang='lat' dir='ltr'>ostia</span> <span class='ocrx_word' id='word_1_33' title='bbox 946 667 1049 742; x_wconf 83' lang='lat' dir='ltr'>Ponti,</span> 
     </span>
     <span class='ocr_line' id='line_1_7' title="bbox 348 746 1030 823; baseline 0 -17"><span class='ocrx_word' id='word_1_34' title='bbox 348 746 463 806; x_wconf 90' lang='lat' dir='ltr'>desidia</span> <span class='ocrx_word' id='word_1_35' title='bbox 483 748 584 806; x_wconf 84' lang='lat' dir='ltr'>tardos</span> <span class='ocrx_word' id='word_1_36' title='bbox 604 753 636 806; x_wconf 90' lang='lat' dir='ltr'>et</span> <span class='ocrx_word' id='word_1_37' title='bbox 654 748 744 823; x_wconf 88' lang='lat' dir='ltr'>longo</span> <span class='ocrx_word' id='word_1_38' title='bbox 763 747 874 823; x_wconf 84' lang='lat' dir='ltr'>frigore</span> <span class='ocrx_word' id='word_1_39' title='bbox 894 746 1030 823; x_wconf 88' lang='lat' dir='ltr'>pingues.</span> 
     </span>
     <span class='ocr_line' id='line_1_8' title="bbox 288 826 1184 904; baseline 0 -20"><span class='ocrx_word' id='word_1_40' title='bbox 288 827 327 884; x_wconf 83' lang='lat'>45</span> <span class='ocrx_word' id='word_1_41' title='bbox 348 827 479 886; x_wconf 87' lang='lat' dir='ltr'>destinat</span> <span class='ocrx_word' id='word_1_42' title='bbox 498 827 555 886; x_wconf 91' lang='lat' dir='ltr'>hoc</span> <span class='ocrx_word' id='word_1_43' title='bbox 575 833 742 886; x_wconf 88' lang='lat' dir='ltr'>monstrum</span> <span class='ocrx_word' id='word_1_44' title='bbox 762 828 886 886; x_wconf 89' lang='lat' dir='ltr'>cumbae</span> <span class='ocrx_word' id='word_1_45' title='bbox 905 828 1021 904; x_wconf 89' lang='lat' dir='ltr'>linique</span> <span class='ocrx_word' id='word_1_46' title='bbox 1042 826 1184 903; x_wconf 89' lang='lat' dir='ltr'>magister</span> 
     </span>
     <span class='ocr_line' id='line_1_9' title="bbox 348 907 1115 983; baseline 0.001 -19"><span class='ocrx_word' id='word_1_47' title='bbox 348 907 484 983; x_wconf 89' lang='lat' dir='ltr'>pontifici</span> <span class='ocrx_word' id='word_1_48' title='bbox 505 925 629 967; x_wconf 92' lang='lat' dir='ltr'>summo.</span> <span class='ocrx_word' id='word_1_49' title='bbox 650 907 719 983; x_wconf 90' lang='lat' dir='ltr'>quis</span> <span class='ocrx_word' id='word_1_50' title='bbox 740 907 820 966; x_wconf 90' lang='lat' dir='ltr'>enim</span> <span class='ocrx_word' id='word_1_51' title='bbox 840 925 1005 983; x_wconf 86' lang='lat' dir='ltr'>proponere</span> <span class='ocrx_word' id='word_1_52' title='bbox 1025 908 1115 966; x_wconf 84' lang='lat' dir='ltr'>talem</span> 
     </span>
     <span class='ocr_line' id='line_1_10' title="bbox 349 987 1150 1063; baseline -0.001 -18"><span class='ocrx_word' id='word_1_53' title='bbox 349 992 402 1045; x_wconf 90' lang='lat' dir='ltr'>aut</span> <span class='ocrx_word' id='word_1_54' title='bbox 421 1005 520 1046; x_wconf 90' lang='lat' dir='ltr'>emere</span> <span class='ocrx_word' id='word_1_55' title='bbox 540 988 679 1060; x_wconf 83' lang='lat' dir='ltr'>auderet,</span> <span class='ocrx_word' id='word_1_56' title='bbox 700 1005 770 1045; x_wconf 91' lang='lat' dir='ltr'>cum</span> <span class='ocrx_word' id='word_1_57' title='bbox 790 988 879 1063; x_wconf 89' lang='lat' dir='ltr'>plena</span> <span class='ocrx_word' id='word_1_58' title='bbox 899 992 930 1046; x_wconf 90' lang='lat' dir='ltr'>et</span> <span class='ocrx_word' id='word_1_59' title='bbox 949 987 1037 1046; x_wconf 86' lang='lat' dir='ltr'>litora</span> <span class='ocrx_word' id='word_1_60' title='bbox 1057 988 1150 1045; x_wconf 92' lang='lat' dir='ltr'>multo</span> 
     </span>
     <span class='ocr_line' id='line_1_11' title="bbox 349 1067 1030 1144; baseline 0.003 -20"><span class='ocrx_word' id='word_1_61' title='bbox 349 1067 480 1126; x_wconf 87' lang='lat' dir='ltr'>delatore</span> <span class='ocrx_word' id='word_1_62' title='bbox 500 1068 618 1126; x_wconf 84' lang='lat' dir='ltr'>ioreut?</span> <span class='ocrx_word' id='word_1_63' title='bbox 639 1067 769 1144; x_wconf 90' lang='lat' dir='ltr'>dispersi</span> <span class='ocrx_word' id='word_1_64' title='bbox 788 1067 925 1142; x_wconf 91' lang='lat' dir='ltr'>protinus</span> <span class='ocrx_word' id='word_1_65' title='bbox 945 1068 1030 1143; x_wconf 83' lang='lat' dir='ltr'>algae</span> 
     </span>
     <span class='ocr_line' id='line_1_12' title="bbox 348 1146 1023 1223; baseline 0 -19"><span class='ocrx_word' id='word_1_66' title='bbox 348 1146 541 1223; x_wconf 85' lang='lat' dir='ltr'>inquisitores</span> <span class='ocrx_word' id='word_1_67' title='bbox 561 1153 684 1222; x_wconf 88' lang='lat' dir='ltr'>agerent</span> <span class='ocrx_word' id='word_1_68' title='bbox 703 1166 773 1205; x_wconf 91' lang='lat' dir='ltr'>cum</span> <span class='ocrx_word' id='word_1_69' title='bbox 794 1146 907 1222; x_wconf 82' lang='lat' dir='ltr'>remige</span> <span class='ocrx_word' id='word_1_70' title='bbox 927 1148 1023 1219; x_wconf 88' lang='lat' dir='ltr'>nudo,</span> 
     </span>
     <span class='ocr_line' id='line_1_13' title="bbox 289 1226 1029 1303; baseline 0.001 -20"><span class='ocrx_word' id='word_1_71' title='bbox 289 1226 328 1284; x_wconf 85' lang='grc'>50</span> <span class='ocrx_word' id='word_1_72' title='bbox 348 1245 408 1285; x_wconf 87' lang='grc' dir='ltr'>ηοη</span> <span class='ocrx_word' id='word_1_73' title='bbox 429 1227 592 1286; x_wconf 85' lang='lat' dir='ltr'>dubitaturi</span> <span class='ocrx_word' id='word_1_74' title='bbox 613 1226 775 1303; x_wconf 87' lang='lat' dir='ltr'>fugitivum</span> <span class='ocrx_word' id='word_1_75' title='bbox 796 1226 896 1286; x_wconf 86' lang='lat' dir='ltr'>dicere</span> <span class='ocrx_word' id='word_1_76' title='bbox 916 1227 1029 1303; x_wconf 86' lang='lat' dir='ltr'>piscem</span> 
     </span>
     <span class='ocr_line' id='line_1_14' title="bbox 350 1306 1037 1384; baseline 0.001 -20"><span class='ocrx_word' id='word_1_77' title='bbox 350 1306 567 1384; x_wconf 88' lang='lat' dir='ltr'>depastumque</span> <span class='ocrx_word' id='word_1_78' title='bbox 588 1307 640 1365; x_wconf 91' lang='lat' dir='ltr'>diu</span> <span class='ocrx_word' id='word_1_79' title='bbox 663 1307 775 1366; x_wconf 82' lang='lat' dir='ltr'>vivaria</span> <span class='ocrx_word' id='word_1_80' title='bbox 795 1307 946 1380; x_wconf 79' lang='lat' dir='ltr'>Caesaris,</span> <span class='ocrx_word' id='word_1_81' title='bbox 966 1307 1037 1365; x_wconf 89' lang='lat' dir='ltr'>inde</span> 
     </span>
     <span class='ocr_line' id='line_1_15' title="bbox 348 1386 1138 1462; baseline -0.001 -17"><span class='ocrx_word' id='word_1_82' title='bbox 348 1387 484 1462; x_wconf 90' lang='lat' dir='ltr'>elapsum</span> <span class='ocrx_word' id='word_1_83' title='bbox 504 1393 636 1446; x_wconf 88' lang='lat' dir='ltr'>veterem</span> <span class='ocrx_word' id='word_1_84' title='bbox 657 1387 696 1445; x_wconf 89' lang='lat' dir='ltr'>ad</span> <span class='ocrx_word' id='word_1_85' title='bbox 717 1387 870 1445; x_wconf 88' lang='lat' dir='ltr'>dominum</span> <span class='ocrx_word' id='word_1_86' title='bbox 891 1387 1000 1446; x_wconf 92' lang='lat' dir='ltr'>debere</span> <span class='ocrx_word' id='word_1_87' title='bbox 1020 1386 1138 1446; x_wconf 88' lang='lat' dir='ltr'>reverti.</span> 
     </span>
     <span class='ocr_line' id='line_1_16' title="bbox 349 1466 1051 1544; baseline 0 -20"><span class='ocrx_word' id='word_1_88' title='bbox 349 1466 375 1525; x_wconf 88' lang='lat' dir='ltr'>si</span> <span class='ocrx_word' id='word_1_89' title='bbox 396 1467 470 1544; x_wconf 91' lang='lat' dir='ltr'>quid</span> <span class='ocrx_word' id='word_1_90' title='bbox 490 1467 638 1540; x_wconf 85' lang='lat' dir='ltr'>Palfurio,</span> <span class='ocrx_word' id='word_1_91' title='bbox 660 1467 686 1525; x_wconf 90' lang='lat' dir='ltr'>si</span> <span class='ocrx_word' id='word_1_92' title='bbox 706 1466 858 1526; x_wconf 90' lang='lat' dir='ltr'>credimus</span> <span class='ocrx_word' id='word_1_93' title='bbox 879 1467 1051 1541; x_wconf 84' lang='lat' dir='ltr'>Armillato,</span> 
     </span>
     <span class='ocr_line' id='line_1_17' title="bbox 349 1547 1270 1623; baseline -0.002 -18"><span class='ocrx_word' id='word_1_94' title='bbox 349 1547 497 1623; x_wconf 88' lang='lat' dir='ltr'>quidquid</span> <span class='ocrx_word' id='word_1_95' title='bbox 518 1547 712 1623; x_wconf 90' lang='lat' dir='ltr'>conspicuum</span> <span class='ocrx_word' id='word_1_96' title='bbox 733 1547 955 1623; x_wconf 89' lang='lat' dir='ltr'>pulchrumque</span> <span class='ocrx_word' id='word_1_97' title='bbox 975 1551 1023 1605; x_wconf 92' lang='lat' dir='ltr'>est</span> <span class='ocrx_word' id='word_1_98' title='bbox 1042 1563 1169 1622; x_wconf 91' lang='lat' dir='ltr'>aequore</span> <span class='ocrx_word' id='word_1_99' title='bbox 1191 1550 1270 1618; x_wconf 88' lang='lat' dir='ltr'>toto,</span> 
     </span>
     <span class='ocr_line' id='line_1_18' title="bbox 290 1626 1174 1704; baseline -0.001 -20"><span class='ocrx_word' id='word_1_100' title='bbox 290 1627 330 1684; x_wconf 80' lang='lat'>55</span> <span class='ocrx_word' id='word_1_101' title='bbox 349 1644 398 1685; x_wconf 88' lang='lat' dir='ltr'>res</span> <span class='ocrx_word' id='word_1_102' title='bbox 419 1627 484 1685; x_wconf 90' lang='lat' dir='ltr'>fisci</span> <span class='ocrx_word' id='word_1_103' title='bbox 505 1632 566 1700; x_wconf 89' lang='lat' dir='ltr'>est,</span> <span class='ocrx_word' id='word_1_104' title='bbox 588 1626 769 1704; x_wconf 89' lang='lat' dir='ltr'>ubicumque</span> <span class='ocrx_word' id='word_1_105' title='bbox 790 1632 887 1685; x_wconf 88' lang='lat' dir='ltr'>natat:</span> <span class='ocrx_word' id='word_1_106' title='bbox 911 1627 1068 1685; x_wconf 88' lang='lat' dir='ltr'>donabitur</span> <span class='ocrx_word' id='word_1_107' title='bbox 1088 1644 1174 1701; x_wconf 90' lang='lat' dir='ltr'>ergo,</span> 
     </span>
     <span class='ocr_line' id='line_1_19' title="bbox 349 1706 1019 1783; baseline -0.001 -18"><span class='ocrx_word' id='word_1_108' title='bbox 349 1725 387 1766; x_wconf 92' lang='lat' dir='ltr'>ne</span> <span class='ocrx_word' id='word_1_109' title='bbox 407 1713 518 1783; x_wconf 87' lang='lat' dir='ltr'>pereat.</span> <span class='ocrx_word' id='word_1_110' title='bbox 539 1707 599 1765; x_wconf 88' lang='lat' dir='ltr'>iam</span> <span class='ocrx_word' id='word_1_111' title='bbox 619 1706 736 1766; x_wconf 88' lang='lat' dir='ltr'>letifero</span> <span class='ocrx_word' id='word_1_112' title='bbox 757 1706 882 1765; x_wconf 89' lang='lat' dir='ltr'>cedente</span> <span class='ocrx_word' id='word_1_113' title='bbox 902 1706 1019 1783; x_wconf 90' lang='lat' dir='ltr'>pruinis</span> 
     </span>
     <span class='ocr_line' id='line_1_20' title="bbox 349 1786 1127 1863; baseline -0.001 -18"><span class='ocrx_word' id='word_1_114' title='bbox 349 1793 507 1859; x_wconf 88' lang='lat' dir='ltr'>autumno,</span> <span class='ocrx_word' id='word_1_115' title='bbox 528 1787 587 1844; x_wconf 88' lang='lat' dir='ltr'>iam</span> <span class='ocrx_word' id='word_1_116' title='bbox 609 1792 784 1863; x_wconf 84' lang='lat' dir='ltr'>quartanam</span> <span class='ocrx_word' id='word_1_117' title='bbox 806 1786 994 1862; x_wconf 89' lang='lat' dir='ltr'>sperantibus</span> <span class='ocrx_word' id='word_1_118' title='bbox 1015 1786 1127 1861; x_wconf 87' lang='lat' dir='ltr'>aegris,</span> 
     </span>
     <span class='ocr_line' id='line_1_21' title="bbox 350 1866 1168 1943; baseline -0.002 -18"><span class='ocrx_word' id='word_1_119' title='bbox 350 1867 495 1925; x_wconf 85' lang='lat' dir='ltr'>stridebat</span> <span class='ocrx_word' id='word_1_120' title='bbox 516 1866 658 1925; x_wconf 83' lang='lat' dir='ltr'>deformis</span> <span class='ocrx_word' id='word_1_121' title='bbox 678 1867 775 1925; x_wconf 89' lang='lat' dir='ltr'>hiems</span> <span class='ocrx_word' id='word_1_122' title='bbox 796 1866 996 1943; x_wconf 86' lang='lat' dir='ltr'>praedamque</span> <span class='ocrx_word' id='word_1_123' title='bbox 1017 1870 1168 1924; x_wconf 83' lang='lat' dir='ltr'>recentem</span> 
     </span>
    </p>
   </div>
   <div class='ocr_carea' id='block_1_3' title="bbox 190 2040 352 2048">
    <p class='ocr_par' dir='ltr' id='par_1_3' title="bbox 190 2040 352 2048">
     <span class='ocr_line' id='line_1_22' title="bbox 190 2040 352 2048; baseline 0 0"><span class='ocrx_word' id='word_1_124' title='bbox 190 2040 352 2048; x_wconf 54' lang='lat' dir='ltr'>——ae-</span> 
     </span>
    </p>
   </div>
   <div class='ocr_carea' id='block_1_4' title="bbox 120 2147 1369 2679">
    <p class='ocr_par' dir='ltr' id='par_1_4' title="bbox 120 2147 1369 2679">
     <span class='ocr_line' id='line_1_23' title="bbox 191 2147 1317 2213; baseline -0.003 -15"><span class='ocrx_word' id='word_1_125' title='bbox 191 2151 254 2200; x_wconf 88' lang='lat' dir='ltr'>zelfs</span> <span class='ocrx_word' id='word_1_126' title='bbox 271 2151 298 2199; x_wconf 93' lang='lat' dir='ltr'>iu</span> <span class='ocrx_word' id='word_1_127' title='bbox 317 2164 393 2211; x_wconf 88' lang='lat' dir='ltr'>prozu</span> <span class='ocrx_word' id='word_1_128' title='bbox 410 2148 568 2213; x_wconf 86' lang='lat' dir='ltr'>gewoonlijk</span> <span class='ocrx_word' id='word_1_129' title='bbox 587 2148 774 2212; x_wconf 86' lang='lat' dir='ltr'>uitgesproheu</span> <span class='ocrx_word' id='word_1_130' title='bbox 793 2149 872 2197; x_wconf 84' lang='lat' dir='ltr'>werd.</span> <span class='ocrx_word' id='word_1_131' title='bbox 890 2174 923 2182; x_wconf 95' lang='lat'>-</span> <span class='ocrx_word' id='word_1_132' title='bbox 940 2147 1082 2198; x_wconf 86' lang='lat' dir='ltr'>Flavius</span> <span class='ocrx_word' id='word_1_133' title='bbox 1099 2147 1261 2196; x_wconf 91' lang='lat' dir='ltr'>ultimus:</span> <span class='ocrx_word' id='word_1_134' title='bbox 1280 2150 1317 2195; x_wconf 84' lang='lat' dir='ltr'>nl.</span> 
     </span>
     <span class='ocr_line' id='line_1_24' title="bbox 191 2214 1316 2278; baseline -0.004 -12"><span class='ocrx_word' id='word_1_135' title='bbox 191 2217 423 2278; x_wconf 77' lang='lat' dir='ltr'>DomitianuS,</span> <span class='ocrx_word' id='word_1_136' title='bbox 441 2216 483 2264; x_wconf 92' lang='lat' dir='ltr'>die</span> <span class='ocrx_word' id='word_1_137' title='bbox 500 2217 528 2264; x_wconf 88' lang='lat' dir='ltr'>in</span> <span class='ocrx_word' id='word_1_138' title='bbox 548 2216 594 2264; x_wconf 90' lang='lat' dir='ltr'>het</span> <span class='ocrx_word' id='word_1_139' title='bbox 612 2216 740 2275; x_wconf 81' lang='lat' dir='ltr'>volgende</span> <span class='ocrx_word' id='word_1_140' title='bbox 758 2229 816 2264; x_wconf 84' lang='lat' dir='ltr'>vers</span> <span class='ocrx_word' id='word_1_141' title='bbox 834 2217 954 2264; x_wconf 85' lang='lat' dir='ltr'>calvus</span> <span class='ocrx_word' id='word_1_142' title='bbox 971 2214 1058 2264; x_wconf 88' lang='lat' dir='ltr'>Nero</span> <span class='ocrx_word' id='word_1_143' title='bbox 1075 2214 1206 2277; x_wconf 86' lang='lat' dir='ltr'>genoemd</span> <span class='ocrx_word' id='word_1_144' title='bbox 1221 2214 1316 2262; x_wconf 85' lang='lat' dir='ltr'>werdt.</span> 
     </span>
     <span class='ocr_line' id='line_1_25' title="bbox 191 2280 1317 2345; baseline -0.005 -11"><span class='ocrx_word' id='word_1_145' title='bbox 191 2284 335 2334; x_wconf 86' lang='lat' dir='ltr'>Suetonius</span> <span class='ocrx_word' id='word_1_146' title='bbox 358 2284 386 2331; x_wconf 91' lang='lat' dir='ltr'>in</span> <span class='ocrx_word' id='word_1_147' title='bbox 410 2283 456 2331; x_wconf 88' lang='lat' dir='ltr'>het</span> <span class='ocrx_word' id='word_1_148' title='bbox 479 2283 553 2330; x_wconf 83' lang='lat' dir='ltr'>leven</span> <span class='ocrx_word' id='word_1_149' title='bbox 578 2296 629 2330; x_wconf 86' lang='lat' dir='ltr'>van</span> <span class='ocrx_word' id='word_1_150' title='bbox 653 2282 750 2330; x_wconf 89' lang='lat' dir='ltr'>Domit.</span> <span class='ocrx_word' id='word_1_151' title='bbox 771 2296 826 2344; x_wconf 86' lang='lat' dir='ltr'>cap.</span> <span class='ocrx_word' id='word_1_152' title='bbox 844 2280 877 2330; x_wconf 98' lang='grc'>18</span> <span class='ocrx_word' id='word_1_153' title='bbox 894 2286 953 2345; x_wconf 85' lang='lat' dir='ltr'>zegt</span> <span class='ocrx_word' id='word_1_154' title='bbox 970 2296 1021 2331; x_wconf 85' lang='lat' dir='ltr'>van</span> <span class='ocrx_word' id='word_1_155' title='bbox 1040 2281 1115 2330; x_wconf 90' lang='lat' dir='ltr'>hem:</span> <span class='ocrx_word' id='word_1_156' title='bbox 1139 2281 1270 2344; x_wconf 89' lang='lat' dir='ltr'>„pulcher</span> <span class='ocrx_word' id='word_1_157' title='bbox 1286 2294 1317 2329; x_wconf 89' lang='lat' dir='ltr'>ac</span> 
     </span>
     <span class='ocr_line' id='line_1_26' title="bbox 191 2343 1316 2412; baseline -0.004 -13"><span class='ocrx_word' id='word_1_158' title='bbox 191 2352 288 2400; x_wconf 88' lang='lat' dir='ltr'>decens</span> <span class='ocrx_word' id='word_1_159' title='bbox 305 2350 420 2398; x_wconf 82' lang='lat' dir='ltr'>maxime</span> <span class='ocrx_word' id='word_1_160' title='bbox 435 2351 464 2397; x_wconf 91' lang='lat' dir='ltr'>in</span> <span class='ocrx_word' id='word_1_161' title='bbox 476 2350 601 2397; x_wconf 85' lang='lat' dir='ltr'>iuventa.</span> <span class='ocrx_word' id='word_1_162' title='bbox 612 2386 617 2395; x_wconf 92' lang='lat'><strong>.</strong></span> <span class='ocrx_word' id='word_1_163' title='bbox 628 2353 720 2411; x_wconf 86' lang='lat' dir='ltr'>postea</span> <span class='ocrx_word' id='word_1_164' title='bbox 731 2349 836 2398; x_wconf 81' lang='lat' dir='ltr'>calvitio</span> <span class='ocrx_word' id='word_1_165' title='bbox 847 2363 954 2412; x_wconf 90' lang='lat' dir='ltr'>qnoque</span> <span class='ocrx_word' id='word_1_166' title='bbox 966 2348 1099 2397; x_wconf 84' lang='lat' dir='ltr'>deformis.</span> <span class='ocrx_word' id='word_1_167' title='bbox 1111 2373 1145 2380; x_wconf 96' lang='lat'><em>-</em></span> <span class='ocrx_word' id='word_1_168' title='bbox 1156 2343 1202 2397; x_wconf 82' lang='grc'>39.</span> <span class='ocrx_word' id='word_1_169' title='bbox 1220 2346 1316 2395; x_wconf 84' lang='lat' dir='ltr'>Adri-</span> 
     </span>
     <span class='ocr_line' id='line_1_27' title="bbox 192 2413 1316 2468; baseline -0.004 -1"><span class='ocrx_word' id='word_1_170' title='bbox 192 2418 242 2468; x_wconf 85' lang='lat' dir='ltr'>aci</span> <span class='ocrx_word' id='word_1_171' title='bbox 258 2453 280 2465; x_wconf 89' lang='lat'>..</span> <span class='ocrx_word' id='word_1_172' title='bbox 296 2417 442 2465; x_wconf 88' lang='lat' dir='ltr'>rhombi:</span> <span class='ocrx_word' id='word_1_173' title='bbox 467 2417 499 2464; x_wconf 89' lang='lat' dir='ltr'>de</span> <span class='ocrx_word' id='word_1_174' title='bbox 521 2416 595 2464; x_wconf 87' lang='lat' dir='ltr'>beste</span> <span class='ocrx_word' id='word_1_175' title='bbox 613 2416 701 2464; x_wconf 83' lang='lat' dir='ltr'>tarbot</span> <span class='ocrx_word' id='word_1_176' title='bbox 718 2416 822 2464; x_wconf 86' lang='lat' dir='ltr'>voudeu</span> <span class='ocrx_word' id='word_1_177' title='bbox 840 2416 872 2464; x_wconf 90' lang='lat' dir='ltr'>de</span> <span class='ocrx_word' id='word_1_178' title='bbox 889 2415 1034 2464; x_wconf 89' lang='lat' dir='ltr'>Romeinen</span> <span class='ocrx_word' id='word_1_179' title='bbox 1052 2414 1095 2462; x_wconf 90' lang='lat' dir='ltr'>die</span> <span class='ocrx_word' id='word_1_180' title='bbox 1113 2415 1153 2462; x_wconf 89' lang='lat' dir='ltr'>uit</span> <span class='ocrx_word' id='word_1_181' title='bbox 1169 2414 1203 2462; x_wconf 90' lang='lat' dir='ltr'>de</span> <span class='ocrx_word' id='word_1_182' title='bbox 1220 2413 1316 2462; x_wconf 84' lang='lat' dir='ltr'>Adria-</span> 
     </span>
     <span class='ocr_line' id='line_1_28' title="bbox 191 2480 1316 2543; baseline -0.004 -10"><span class='ocrx_word' id='word_1_183' title='bbox 191 2485 275 2533; x_wconf 84' lang='lat' dir='ltr'>tische</span> <span class='ocrx_word' id='word_1_184' title='bbox 299 2497 351 2531; x_wconf 89' lang='lat' dir='ltr'>zee.</span> <span class='ocrx_word' id='word_1_185' title='bbox 374 2509 405 2516; x_wconf 96' lang='lat'>—</span> <span class='ocrx_word' id='word_1_186' title='bbox 431 2483 581 2543; x_wconf 86' lang='lat' dir='ltr'>spatium</span> <span class='ocrx_word' id='word_1_187' title='bbox 606 2482 825 2531; x_wconf 86' lang='lat' dir='ltr'>admirabile:</span> <span class='ocrx_word' id='word_1_188' title='bbox 851 2482 1014 2531; x_wconf 82' lang='lat' dir='ltr'>verbazende</span> <span class='ocrx_word' id='word_1_189' title='bbox 1039 2482 1143 2543; x_wconf 63' lang='lat' dir='ltr'>tenete:</span> <span class='ocrx_word' id='word_1_190' title='bbox 1165 2480 1316 2543; x_wconf 88' lang='lat' dir='ltr'>spatium</span> 
     </span>
     <span class='ocr_line' id='line_1_29' title="bbox 191 2545 1317 2612; baseline -0.004 -13"><span class='ocrx_word' id='word_1_191' title='bbox 191 2552 218 2599; x_wconf 92' lang='lat' dir='ltr'>in</span> <span class='ocrx_word' id='word_1_192' title='bbox 243 2551 305 2598; x_wconf 89' lang='lat' dir='ltr'>deze</span> <span class='ocrx_word' id='word_1_193' title='bbox 327 2549 482 2598; x_wconf 87' lang='lat' dir='ltr'>beteehenis</span> <span class='ocrx_word' id='word_1_194' title='bbox 505 2548 581 2597; x_wconf 87' lang='lat' dir='ltr'>hamt</span> <span class='ocrx_word' id='word_1_195' title='bbox 603 2550 679 2598; x_wconf 91' lang='lat' dir='ltr'>reeds</span> <span class='ocrx_word' id='word_1_196' title='bbox 702 2548 737 2612; x_wconf 89' lang='lat' dir='ltr'>bij</span> <span class='ocrx_word' id='word_1_197' title='bbox 763 2549 864 2597; x_wconf 91' lang='lat' dir='ltr'>Plinius</span> <span class='ocrx_word' id='word_1_198' title='bbox 882 2549 987 2605; x_wconf 82' lang='lat' dir='ltr'>vacrin</span> <span class='ocrx_word' id='word_1_199' title='bbox 1005 2562 1083 2611; x_wconf 85' lang='lat' dir='ltr'>proza</span> <span class='ocrx_word' id='word_1_200' title='bbox 1101 2562 1133 2595; x_wconf 89' lang='lat' dir='ltr'>en</span> <span class='ocrx_word' id='word_1_201' title='bbox 1151 2546 1187 2611; x_wconf 90' lang='lat' dir='ltr'>bij</span> <span class='ocrx_word' id='word_1_202' title='bbox 1207 2545 1317 2595; x_wconf 86' lang='lat' dir='ltr'>Ovidius</span> 
     </span>
     <span class='ocr_line' id='line_1_30' title="bbox 120 2610 1369 2679; baseline -0.002 -13"><span class='ocrx_word' id='word_1_203' title='bbox 120 2652 132 2671; x_wconf 83' lang='grc'>,</span> <span class='ocrx_word' id='word_1_204' title='bbox 191 2618 219 2666; x_wconf 92' lang='lat' dir='ltr'>iu</span> <span class='ocrx_word' id='word_1_205' title='bbox 238 2616 332 2679; x_wconf 76' lang='lat' dir='ltr'>poezie.</span> <span class='ocrx_word' id='word_1_206' title='bbox 350 2640 383 2649; x_wconf 96' lang='lat'>—</span> <span class='ocrx_word' id='word_1_207' title='bbox 400 2610 447 2664; x_wconf 86' lang='grc'>411.</span> <span class='ocrx_word' id='word_1_208' title='bbox 473 2616 604 2663; x_wconf 89' lang='lat' dir='ltr'>domum</span> <span class='ocrx_word' id='word_1_209' title='bbox 624 2614 781 2664; x_wconf 87' lang='lat' dir='ltr'>Veneris:</span> <span class='ocrx_word' id='word_1_210' title='bbox 800 2614 889 2664; x_wconf 85' lang='lat' dir='ltr'>Venus</span> <span class='ocrx_word' id='word_1_211' title='bbox 906 2629 961 2664; x_wconf 87' lang='lat' dir='ltr'>was</span> <span class='ocrx_word' id='word_1_212' title='bbox 979 2615 1011 2663; x_wconf 90' lang='lat' dir='ltr'>de</span> <span class='ocrx_word' id='word_1_213' title='bbox 1028 2613 1248 2677; x_wconf 88' lang='lat' dir='ltr'>beschermgodin</span> <span class='ocrx_word' id='word_1_214' title='bbox 1265 2628 1315 2661; x_wconf 85' lang='lat' dir='ltr'>rau</span> <span class='ocrx_word' id='word_1_215' title='bbox 1362 2655 1369 2664; x_wconf 95' lang='lat'><strong>.</strong></span> 
     </span>
    </p>
   </div>
   <div class='ocr_carea' id='block_1_5' title="bbox 121 2680 1316 2747">
    <p class='ocr_par' dir='ltr' id='par_1_5' title="bbox 121 2680 1316 2747">
     <span class='ocr_line' id='line_1_31' title="bbox 121 2680 1316 2747; baseline -0.004 -14"><span class='ocrx_word' id='word_1_216' title='bbox 121 2741 125 2747; x_wconf 81' lang='lat'><strong>.</strong></span> <span class='ocrx_word' id='word_1_217' title='bbox 192 2685 313 2745; x_wconf 83' lang='lat' dir='ltr'>Ancona,</span> <span class='ocrx_word' id='word_1_218' title='bbox 337 2682 383 2730; x_wconf 86' lang='lat' dir='ltr'>dat</span> <span class='ocrx_word' id='word_1_219' title='bbox 405 2683 468 2730; x_wconf 87' lang='lat' dir='ltr'>door</span> <span class='ocrx_word' id='word_1_220' title='bbox 492 2682 523 2730; x_wconf 90' lang='lat' dir='ltr'>de</span> <span class='ocrx_word' id='word_1_221' title='bbox 544 2681 729 2745; x_wconf 86' lang='lat' dir='ltr'>Syracusaneu</span> <span class='ocrx_word' id='word_1_222' title='bbox 747 2682 862 2745; x_wconf 87' lang='lat' dir='ltr'>gesticht</span> <span class='ocrx_word' id='word_1_223' title='bbox 879 2696 941 2730; x_wconf 81' lang='lat' dir='ltr'>was,</span> <span class='ocrx_word' id='word_1_224' title='bbox 958 2681 1175 2743; x_wconf 87' lang='lat' dir='ltr'>-sustinet,</span> <span class='ocrx_word' id='word_1_225' title='bbox 1200 2680 1316 2742; x_wconf 79' lang='lat' dir='ltr'>draa9t;</span> 
     </span>
    </p>
   </div>
   <div class='ocr_carea' id='block_1_6' title="bbox 192 2745 1317 3014">
    <p class='ocr_par' dir='ltr' id='par_1_6' title="bbox 192 2745 1317 3014">
     <span class='ocr_line' id='line_1_32' title="bbox 192 2745 1316 2812; baseline -0.004 -13"><span class='ocrx_word' id='word_1_226' title='bbox 192 2752 225 2799; x_wconf 91' lang='lat' dir='ltr'>de</span> <span class='ocrx_word' id='word_1_227' title='bbox 247 2750 345 2812; x_wconf 87' lang='lat' dir='ltr'>tempel</span> <span class='ocrx_word' id='word_1_228' title='bbox 369 2764 419 2797; x_wconf 86' lang='lat' dir='ltr'>van</span> <span class='ocrx_word' id='word_1_229' title='bbox 442 2748 532 2796; x_wconf 89' lang='lat' dir='ltr'>Venus</span> <span class='ocrx_word' id='word_1_230' title='bbox 555 2749 633 2797; x_wconf 91' lang='lat' dir='ltr'>stoud</span> <span class='ocrx_word' id='word_1_231' title='bbox 656 2764 688 2811; x_wconf 91' lang='lat' dir='ltr'>op</span> <span class='ocrx_word' id='word_1_232' title='bbox 712 2763 762 2797; x_wconf 90' lang='lat' dir='ltr'>een</span> <span class='ocrx_word' id='word_1_233' title='bbox 784 2749 855 2812; x_wconf 89' lang='lat' dir='ltr'>berg.</span> <span class='ocrx_word' id='word_1_234' title='bbox 872 2773 906 2782; x_wconf 93' lang='lat'><em>-</em></span> <span class='ocrx_word' id='word_1_235' title='bbox 929 2745 967 2797; x_wconf 90' lang='grc'>41.</span> <span class='ocrx_word' id='word_1_236' title='bbox 994 2748 1103 2796; x_wconf 88' lang='lat' dir='ltr'>sinus:</span> <span class='ocrx_word' id='word_1_237' title='bbox 1130 2748 1189 2796; x_wconf 90' lang='lat' dir='ltr'>hier</span> <span class='ocrx_word' id='word_1_238' title='bbox 1211 2752 1267 2796; x_wconf 80' lang='lat' dir='ltr'>aet.</span> <span class='ocrx_word' id='word_1_239' title='bbox 1284 2771 1316 2779; x_wconf 93' lang='lat'>—</span> 
     </span>
     <span class='ocr_line' id='line_1_33' title="bbox 193 2813 1316 2878; baseline -0.004 -12"><span class='ocrx_word' id='word_1_240' title='bbox 193 2819 369 2877; x_wconf 88' lang='lat' dir='ltr'>haeserat,</span> <span class='ocrx_word' id='word_1_241' title='bbox 393 2831 448 2864; x_wconf 77' lang='lat' dir='ltr'>ruas</span> <span class='ocrx_word' id='word_1_242' title='bbox 472 2813 567 2877; x_wconf 77' lang='lat' dir='ltr'>bltJ&#39;ocn</span> <span class='ocrx_word' id='word_1_243' title='bbox 591 2815 711 2878; x_wconf 72' lang='lat' dir='ltr'>frangen,</span> <span class='ocrx_word' id='word_1_244' title='bbox 736 2816 786 2864; x_wconf 90' lang='lat' dir='ltr'>dus</span> <span class='ocrx_word' id='word_1_245' title='bbox 810 2829 860 2864; x_wconf 91' lang='lat' dir='ltr'>van</span> <span class='ocrx_word' id='word_1_246' title='bbox 884 2815 1061 2876; x_wconf 87' lang='lat' dir='ltr'>haeresco,</span> <span class='ocrx_word' id='word_1_247' title='bbox 1086 2814 1143 2862; x_wconf 91' lang='lat' dir='ltr'>niet</span> <span class='ocrx_word' id='word_1_248' title='bbox 1165 2828 1217 2862; x_wconf 84' lang='lat' dir='ltr'>rau</span> <span class='ocrx_word' id='word_1_249' title='bbox 1234 2814 1316 2861; x_wconf 89' lang='lat' dir='ltr'>hae-</span> 
     </span>
     <span class='ocr_line' id='line_1_34' title="bbox 193 2880 1317 2946; baseline -0.005 -13"><span class='ocrx_word' id='word_1_250' title='bbox 193 2898 262 2946; x_wconf 89' lang='lat' dir='ltr'>reo,</span> <span class='ocrx_word' id='word_1_251' title='bbox 294 2884 344 2946; x_wconf 86' lang='lat' dir='ltr'>vgl.</span> <span class='ocrx_word' id='word_1_252' title='bbox 378 2883 520 2930; x_wconf 89' lang='lat' dir='ltr'>haerere</span> <span class='ocrx_word' id='word_1_253' title='bbox 552 2883 579 2930; x_wconf 91' lang='lat' dir='ltr'>in</span> <span class='ocrx_word' id='word_1_254' title='bbox 612 2882 643 2930; x_wconf 91' lang='lat' dir='ltr'>de</span> <span class='ocrx_word' id='word_1_255' title='bbox 675 2883 761 2942; x_wconf 87' lang='lat' dir='ltr'>plaats</span> <span class='ocrx_word' id='word_1_256' title='bbox 790 2882 832 2931; x_wconf 89' lang='lat' dir='ltr'>uit</span> <span class='ocrx_word' id='word_1_257' title='bbox 856 2880 929 2931; x_wconf 85' lang='lat' dir='ltr'>Ovid.</span> <span class='ocrx_word' id='word_1_258' title='bbox 956 2881 1122 2944; x_wconf 87' lang='lat' dir='ltr'>aangehaald</span> <span class='ocrx_word' id='word_1_259' title='bbox 1147 2880 1175 2929; x_wconf 91' lang='lat' dir='ltr'>in</span> <span class='ocrx_word' id='word_1_260' title='bbox 1203 2880 1235 2928; x_wconf 91' lang='lat' dir='ltr'>de</span> <span class='ocrx_word' id='word_1_261' title='bbox 1261 2880 1317 2928; x_wconf 84' lang='lat' dir='ltr'>vol·</span> 
     </span>
     <span class='ocr_line' id='line_1_35' title="bbox 192 2944 1316 3014; baseline -0.004 -15"><span class='ocrx_word' id='word_1_262' title='bbox 192 2951 277 3014; x_wconf 86' lang='lat' dir='ltr'>gende</span> <span class='ocrx_word' id='word_1_263' title='bbox 309 2950 512 3012; x_wconf 86' lang='lat' dir='ltr'>aanteekeniug.</span> <span class='ocrx_word' id='word_1_264' title='bbox 537 2973 571 2982; x_wconf 91' lang='lat'>-</span> <span class='ocrx_word' id='word_1_265' title='bbox 596 2944 642 2997; x_wconf 86' lang='grc'>42.</span> <span class='ocrx_word' id='word_1_266' title='bbox 675 2949 856 2998; x_wconf 87' lang='lat' dir='ltr'>Maeotica:</span> <span class='ocrx_word' id='word_1_267' title='bbox 889 2948 999 2997; x_wconf 87' lang='lat' dir='ltr'>Maeotis</span> <span class='ocrx_word' id='word_1_268' title='bbox 1031 2948 1107 3010; x_wconf 87' lang='lat' dir='ltr'>palus</span> <span class='ocrx_word' id='word_1_269' title='bbox 1133 2963 1163 2989; x_wconf 95' lang='lat'>=</span> <span class='ocrx_word' id='word_1_270' title='bbox 1191 2961 1235 2996; x_wconf 86' lang='lat' dir='ltr'>zee</span> <span class='ocrx_word' id='word_1_271' title='bbox 1266 2961 1316 2994; x_wconf 85' lang='lat' dir='ltr'>vau</span> 
     </span>
    </p>
   </div>
   <div class='ocr_carea' id='block_1_7' title="bbox 193 3011 1420 3080">
    <p class='ocr_par' dir='ltr' id='par_1_7' title="bbox 193 3011 1420 3080">
     <span class='ocr_line' id='line_1_36' title="bbox 193 3011 1420 3080; baseline -0.005 -14"><span class='ocrx_word' id='word_1_272' title='bbox 193 3018 277 3066; x_wconf 87' lang='lat' dir='ltr'>Azow.</span> <span class='ocrx_word' id='word_1_273' title='bbox 295 3043 328 3051; x_wconf 96' lang='lat'>—</span> <span class='ocrx_word' id='word_1_274' title='bbox 346 3016 402 3080; x_wconf 85' lang='lat' dir='ltr'>Vgl.</span> <span class='ocrx_word' id='word_1_275' title='bbox 428 3031 485 3079; x_wconf 86' lang='lat' dir='ltr'>pag.</span> <span class='ocrx_word' id='word_1_276' title='bbox 510 3013 572 3077; x_wconf 85' lang='grc'>111,</span> <span class='ocrx_word' id='word_1_277' title='bbox 597 3030 633 3063; x_wconf 79' lang='lat' dir='ltr'>rs.</span> <span class='ocrx_word' id='word_1_278' title='bbox 651 3013 684 3062; x_wconf 84' lang='grc'>49</span> <span class='ocrx_word' id='word_1_279' title='bbox 701 3030 735 3063; x_wconf 89' lang='lat' dir='ltr'>en</span> <span class='ocrx_word' id='word_1_280' title='bbox 753 3014 793 3064; x_wconf 83' lang='lat'>50.</span> <span class='ocrx_word' id='word_1_281' title='bbox 812 3041 845 3049; x_wconf 96' lang='lat'>-</span> <span class='ocrx_word' id='word_1_282' title='bbox 862 3011 909 3065; x_wconf 97' lang='grc'>45.</span> <span class='ocrx_word' id='word_1_283' title='bbox 934 3015 1112 3078; x_wconf 83' lang='lat' dir='ltr'>roagister:</span> <span class='ocrx_word' id='word_1_284' title='bbox 1136 3014 1168 3062; x_wconf 88' lang='lat' dir='ltr'>de</span> <span class='ocrx_word' id='word_1_285' title='bbox 1187 3013 1317 3073; x_wconf 87' lang='lat' dir='ltr'>risscher,</span> <span class='ocrx_word' id='word_1_286' title='bbox 1419 3060 1420 3075; x_wconf 66' lang='lat'>,</span> 
     </span>
    </p>
   </div>
   <div class='ocr_carea' id='block_1_8' title="bbox 193 3077 1321 3811">
    <p class='ocr_par' dir='ltr' id='par_1_8' title="bbox 193 3077 1321 3811">
     <span class='ocr_line' id='line_1_37' title="bbox 193 3077 1318 3147; baseline -0.004 -14"><span class='ocrx_word' id='word_1_287' title='bbox 193 3086 225 3133; x_wconf 91' lang='lat' dir='ltr'>de</span> <span class='ocrx_word' id='word_1_288' title='bbox 251 3086 380 3147; x_wconf 78' lang='lat' dir='ltr'>eiqeaaar</span> <span class='ocrx_word' id='word_1_289' title='bbox 405 3098 458 3131; x_wconf 82' lang='lat' dir='ltr'>van</span> <span class='ocrx_word' id='word_1_290' title='bbox 482 3082 541 3130; x_wconf 85' lang='lat' dir='ltr'>boot</span> <span class='ocrx_word' id='word_1_291' title='bbox 564 3096 598 3130; x_wconf 84' lang='lat' dir='ltr'>en</span> <span class='ocrx_word' id='word_1_292' title='bbox 621 3088 667 3129; x_wconf 81' lang='lat' dir='ltr'>net</span> <span class='ocrx_word' id='word_1_293' title='bbox 690 3079 831 3143; x_wconf 82' lang='lat' dir='ltr'>(linum).</span> <span class='ocrx_word' id='word_1_294' title='bbox 854 3107 888 3116; x_wconf 95' lang='lat'><em>-</em></span> <span class='ocrx_word' id='word_1_295' title='bbox 910 3077 957 3131; x_wconf 82' lang='lat'>46.</span> <span class='ocrx_word' id='word_1_296' title='bbox 983 3080 1149 3143; x_wconf 89' lang='lat' dir='ltr'>pontifici</span> <span class='ocrx_word' id='word_1_297' title='bbox 1174 3087 1318 3129; x_wconf 75' lang='lat' dir='ltr'>snmm‘o:</span> 
     </span>
     <span class='ocr_line' id='line_1_38' title="bbox 193 3146 1319 3211; baseline -0.006 -10"><span class='ocrx_word' id='word_1_298' title='bbox 193 3151 368 3201; x_wconf 85' lang='lat' dir='ltr'>Domitianus.</span> <span class='ocrx_word' id='word_1_299' title='bbox 394 3150 432 3198; x_wconf 84' lang='lat' dir='ltr'>lle</span> <span class='ocrx_word' id='word_1_300' title='bbox 459 3149 559 3197; x_wconf 85' lang='lat' dir='ltr'>heizers</span> <span class='ocrx_word' id='word_1_301' title='bbox 582 3162 672 3197; x_wconf 87' lang='lat' dir='ltr'>waren</span> <span class='ocrx_word' id='word_1_302' title='bbox 695 3150 850 3211; x_wconf 88' lang='lat' dir='ltr'>levenslang</span> <span class='ocrx_word' id='word_1_303' title='bbox 873 3148 1030 3211; x_wconf 82' lang='lat' dir='ltr'>pontifex</span> <span class='ocrx_word' id='word_1_304' title='bbox 1054 3147 1228 3196; x_wconf 86' lang='lat' dir='ltr'>maximus.</span> <span class='ocrx_word' id='word_1_305' title='bbox 1256 3146 1319 3196; x_wconf 89' lang='lat' dir='ltr'>Niet</span> 
     </span>
     <span class='ocr_line' id='line_1_39' title="bbox 193 3212 1319 3281; baseline -0.005 -14"><span class='ocrx_word' id='word_1_306' title='bbox 193 3215 435 3281; x_wconf 87' lang='lat' dir='ltr'>onwaarschijulijh</span> <span class='ocrx_word' id='word_1_307' title='bbox 458 3217 480 3265; x_wconf 87' lang='lat' dir='ltr'>is</span> <span class='ocrx_word' id='word_1_308' title='bbox 505 3216 563 3275; x_wconf 90' lang='lat' dir='ltr'>het,</span> <span class='ocrx_word' id='word_1_309' title='bbox 588 3215 634 3264; x_wconf 88' lang='lat' dir='ltr'>dat</span> <span class='ocrx_word' id='word_1_310' title='bbox 658 3215 712 3262; x_wconf 90' lang='lat' dir='ltr'>lnv.</span> <span class='ocrx_word' id='word_1_311' title='bbox 738 3215 796 3263; x_wconf 87' lang='lat' dir='ltr'>hier</span> <span class='ocrx_word' id='word_1_312' title='bbox 819 3216 946 3277; x_wconf 89' lang='lat' dir='ltr'>zinspeelt</span> <span class='ocrx_word' id='word_1_313' title='bbox 962 3229 995 3276; x_wconf 88' lang='lat' dir='ltr'>op</span> <span class='ocrx_word' id='word_1_314' title='bbox 1013 3215 1045 3262; x_wconf 88' lang='lat' dir='ltr'>de</span> <span class='ocrx_word' id='word_1_315' title='bbox 1063 3212 1219 3275; x_wconf 77' lang='lat' dir='ltr'>pontificum</span> <span class='ocrx_word' id='word_1_316' title='bbox 1237 3228 1319 3262; x_wconf 86' lang='lat' dir='ltr'>cenae</span> 
     </span>
     <span class='ocr_line' id='line_1_40' title="bbox 194 3278 1320 3347; baseline -0.004 -13"><span class='ocrx_word' id='word_1_317' title='bbox 194 3286 222 3334; x_wconf 96' lang='grc'>01</span> <span class='ocrx_word' id='word_1_318' title='bbox 237 3285 329 3347; x_wconf 88' lang='lat' dir='ltr'>dapes,</span> <span class='ocrx_word' id='word_1_319' title='bbox 348 3297 470 3332; x_wconf 88' lang='lat' dir='ltr'>waarvan</span> <span class='ocrx_word' id='word_1_320' title='bbox 489 3282 618 3331; x_wconf 86' lang='lat' dir='ltr'>Martialis</span> <span class='ocrx_word' id='word_1_321' title='bbox 635 3279 709 3343; x_wconf 83' lang='lat' dir='ltr'>(llll,</span> <span class='ocrx_word' id='word_1_322' title='bbox 728 3280 836 3344; x_wconf 73' lang='grc'>48,12)</span> <span class='ocrx_word' id='word_1_323' title='bbox 854 3296 888 3330; x_wconf 91' lang='lat' dir='ltr'>en</span> <span class='ocrx_word' id='word_1_324' title='bbox 906 3281 1030 3330; x_wconf 88' lang='lat' dir='ltr'>Horatius</span> <span class='ocrx_word' id='word_1_325' title='bbox 1047 3279 1144 3340; x_wconf 83' lang='lat' dir='ltr'>(Garm.</span> <span class='ocrx_word' id='word_1_326' title='bbox 1164 3278 1320 3343; x_wconf 75' lang='grc'>11,14,881</span> 
     </span>
     <span class='ocr_line' id='line_1_41' title="bbox 194 3346 1319 3414; baseline -0.005 -14"><span class='ocrx_word' id='word_1_327' title='bbox 194 3352 321 3414; x_wconf 86' lang='lat' dir='ltr'>spreken:</span> <span class='ocrx_word' id='word_1_328' title='bbox 344 3352 406 3399; x_wconf 85' lang='lat' dir='ltr'>dere</span> <span class='ocrx_word' id='word_1_329' title='bbox 430 3349 585 3414; x_wconf 86' lang='lat' dir='ltr'>maaltijdeu</span> <span class='ocrx_word' id='word_1_330' title='bbox 609 3348 736 3413; x_wconf 89' lang='lat' dir='ltr'>namelijh</span> <span class='ocrx_word' id='word_1_331' title='bbox 761 3362 849 3397; x_wconf 89' lang='lat' dir='ltr'>waren</span> <span class='ocrx_word' id='word_1_332' title='bbox 868 3348 931 3397; x_wconf 89' lang='lat' dir='ltr'>door</span> <span class='ocrx_word' id='word_1_333' title='bbox 948 3348 1041 3396; x_wconf 91' lang='lat' dir='ltr'>hunne</span> <span class='ocrx_word' id='word_1_334' title='bbox 1058 3348 1120 3395; x_wconf 77' lang='lat' dir='ltr'>lune</span> <span class='ocrx_word' id='word_1_335' title='bbox 1137 3346 1319 3408; x_wconf 86' lang='lat' dir='ltr'>spreehwoor-</span> 
     </span>
     <span class='ocr_line' id='line_1_42' title="bbox 194 3411 1321 3482; baseline -0.004 -16"><span class='ocrx_word' id='word_1_336' title='bbox 194 3417 275 3482; x_wconf 85' lang='lat' dir='ltr'>delijh</span> <span class='ocrx_word' id='word_1_337' title='bbox 298 3417 446 3481; x_wconf 86' lang='lat' dir='ltr'>geworden.</span> <span class='ocrx_word' id='word_1_338' title='bbox 470 3442 503 3450; x_wconf 96' lang='lat'>—</span> <span class='ocrx_word' id='word_1_339' title='bbox 526 3411 573 3465; x_wconf 89' lang='grc'>48.</span> <span class='ocrx_word' id='word_1_340' title='bbox 598 3416 770 3478; x_wconf 86' lang='lat' dir='ltr'>delatore,</span> <span class='ocrx_word' id='word_1_341' title='bbox 793 3415 859 3477; x_wconf 88' lang='lat' dir='ltr'>sing.</span> <span class='ocrx_word' id='word_1_342' title='bbox 884 3429 929 3476; x_wconf 90' lang='lat' dir='ltr'>pro</span> <span class='ocrx_word' id='word_1_343' title='bbox 952 3416 1019 3477; x_wconf 89' lang='lat' dir='ltr'>plur.</span> <span class='ocrx_word' id='word_1_344' title='bbox 1045 3412 1134 3463; x_wconf 89' lang='lat' dir='ltr'>Onder</span> <span class='ocrx_word' id='word_1_345' title='bbox 1151 3413 1321 3462; x_wconf 86' lang='lat' dir='ltr'>Domitianus</span> 
     </span>
     <span class='ocr_line' id='line_1_43' title="bbox 193 3481 1320 3546; baseline -0.004 -14"><span class='ocrx_word' id='word_1_346' title='bbox 193 3483 314 3533; x_wconf 86' lang='lat' dir='ltr'>bereikte</span> <span class='ocrx_word' id='word_1_347' title='bbox 340 3484 372 3531; x_wconf 88' lang='lat' dir='ltr'>de</span> <span class='ocrx_word' id='word_1_348' title='bbox 398 3486 475 3546; x_wconf 86' lang='lat' dir='ltr'>plaag</span> <span class='ocrx_word' id='word_1_349' title='bbox 500 3483 547 3531; x_wconf 91' lang='lat' dir='ltr'>der</span> <span class='ocrx_word' id='word_1_350' title='bbox 571 3482 757 3544; x_wconf 77' lang='lat' dir='ltr'>aanbrenqers</span> <span class='ocrx_word' id='word_1_351' title='bbox 783 3481 813 3530; x_wconf 93' lang='grc'>01</span> <span class='ocrx_word' id='word_1_352' title='bbox 833 3481 904 3530; x_wconf 85' lang='lat' dir='ltr'>stille</span> <span class='ocrx_word' id='word_1_353' title='bbox 925 3481 1091 3530; x_wconf 72' lang='lat' dir='ltr'>verkltlclrers</span> <span class='ocrx_word' id='word_1_354' title='bbox 1115 3481 1179 3528; x_wconf 85' lang='lat' dir='ltr'>haar</span> <span class='ocrx_word' id='word_1_355' title='bbox 1201 3485 1320 3542; x_wconf 86' lang='lat' dir='ltr'>grootste</span> 
     </span>
     <span class='ocr_line' id='line_1_44' title="bbox 194 3547 1321 3613; baseline -0.005 -13"><span class='ocrx_word' id='word_1_356' title='bbox 194 3551 298 3613; x_wconf 87' lang='lat' dir='ltr'>hoogte.</span> <span class='ocrx_word' id='word_1_357' title='bbox 312 3550 456 3612; x_wconf 87' lang='lat' dir='ltr'>—algae</span> <span class='ocrx_word' id='word_1_358' title='bbox 473 3549 720 3613; x_wconf 87' lang='lat' dir='ltr'>inquisitores:</span> <span class='ocrx_word' id='word_1_359' title='bbox 738 3548 924 3610; x_wconf 89' lang='lat' dir='ltr'>speurhondeu</span> <span class='ocrx_word' id='word_1_360' title='bbox 941 3562 992 3595; x_wconf 88' lang='lat' dir='ltr'>vau</span> <span class='ocrx_word' id='word_1_361' title='bbox 1010 3548 1062 3596; x_wconf 89' lang='lat' dir='ltr'>den</span> <span class='ocrx_word' id='word_1_362' title='bbox 1080 3547 1180 3608; x_wconf 85' lang='lat' dir='ltr'>heizer,</span> <span class='ocrx_word' id='word_1_363' title='bbox 1197 3547 1240 3595; x_wconf 86' lang='lat' dir='ltr'>die</span> <span class='ocrx_word' id='word_1_364' title='bbox 1255 3547 1321 3595; x_wconf 84' lang='lat' dir='ltr'>zelfs</span> 
     </span>
     <span class='ocr_line' id='line_1_45' title="bbox 195 3611 1321 3677; baseline -0.004 -12"><span class='ocrx_word' id='word_1_365' title='bbox 195 3617 243 3665; x_wconf 91' lang='lat' dir='ltr'>het</span> <span class='ocrx_word' id='word_1_366' title='bbox 260 3616 369 3664; x_wconf 81' lang='lat' dir='ltr'>zee&#39;wier</span> <span class='ocrx_word' id='word_1_367' title='bbox 386 3617 586 3665; x_wconf 82' lang='lat' dir='ltr'>ondemochten.</span> <span class='ocrx_word' id='word_1_368' title='bbox 599 3641 633 3649; x_wconf 87' lang='lat'><em>-</em></span> <span class='ocrx_word' id='word_1_369' title='bbox 647 3611 694 3665; x_wconf 82' lang='lat'>49.</span> <span class='ocrx_word' id='word_1_370' title='bbox 712 3619 857 3677; x_wconf 89' lang='lat' dir='ltr'>agerent</span> <span class='ocrx_word' id='word_1_371' title='bbox 874 3628 960 3663; x_wconf 90' lang='lat' dir='ltr'>cum:</span> <span class='ocrx_word' id='word_1_372' title='bbox 979 3614 1017 3661; x_wconf 89' lang='lat' dir='ltr'>zie</span> <span class='ocrx_word' id='word_1_373' title='bbox 1034 3612 1108 3663; x_wconf 89' lang='lat' dir='ltr'>Ovid.</span> <span class='ocrx_word' id='word_1_374' title='bbox 1125 3627 1157 3662; x_wconf 81' lang='lat' dir='ltr'>ex</span> <span class='ocrx_word' id='word_1_375' title='bbox 1175 3613 1259 3662; x_wconf 89' lang='lat' dir='ltr'>Ponto</span> <span class='ocrx_word' id='word_1_376' title='bbox 1277 3613 1321 3673; x_wconf 87' lang='lat' dir='ltr'>lv,</span> 
     </span>
     <span class='ocr_line' id='line_1_46' title="bbox 195 3676 1320 3746; baseline -0.004 -15"><span class='ocrx_word' id='word_1_377' title='bbox 195 3681 228 3732; x_wconf 90' lang='lat'>38</span> <span class='ocrx_word' id='word_1_378' title='bbox 246 3687 317 3731; x_wconf 88' lang='lat' dir='ltr'>aaut.</span> <span class='ocrx_word' id='word_1_379' title='bbox 336 3679 405 3745; x_wconf 87' lang='lat' dir='ltr'>(pag.</span> <span class='ocrx_word' id='word_1_380' title='bbox 422 3680 497 3745; x_wconf 89' lang='grc'>181),</span> <span class='ocrx_word' id='word_1_381' title='bbox 519 3697 590 3731; x_wconf 79' lang='lat' dir='ltr'>waar</span> <span class='ocrx_word' id='word_1_382' title='bbox 607 3696 659 3743; x_wconf 85' lang='lat' dir='ltr'>uog</span> <span class='ocrx_word' id='word_1_383' title='bbox 677 3680 712 3746; x_wconf 85' lang='lat' dir='ltr'>bij</span> <span class='ocrx_word' id='word_1_384' title='bbox 731 3681 847 3743; x_wconf 84' lang='lat' dir='ltr'>geroegd</span> <span class='ocrx_word' id='word_1_385' title='bbox 865 3686 937 3729; x_wconf 88' lang='lat' dir='ltr'>moet</span> <span class='ocrx_word' id='word_1_386' title='bbox 954 3681 1074 3740; x_wconf 87' lang='lat' dir='ltr'>worden,</span> <span class='ocrx_word' id='word_1_387' title='bbox 1092 3680 1138 3728; x_wconf 87' lang='lat' dir='ltr'>dat</span> <span class='ocrx_word' id='word_1_388' title='bbox 1155 3678 1245 3737; x_wconf 82' lang='lat' dir='ltr'>Quint.</span> <span class='ocrx_word' id='word_1_389' title='bbox 1264 3676 1320 3741; x_wconf 84' lang='lat' dir='ltr'>(IV,</span> 
     </span>
     <span class='ocr_line' id='line_1_47' title="bbox 196 3743 1321 3811; baseline -0.002 -15"><span class='ocrx_word' id='word_1_390' title='bbox 196 3746 287 3810; x_wconf 85' lang='grc'>4,18)</span> <span class='ocrx_word' id='word_1_391' title='bbox 306 3748 356 3796; x_wconf 82' lang='grc'>001</span> <span class='ocrx_word' id='word_1_392' title='bbox 374 3753 432 3809; x_wconf 88' lang='lat' dir='ltr'>zegt</span> <span class='ocrx_word' id='word_1_393' title='bbox 451 3762 551 3811; x_wconf 87' lang='lat' dir='ltr'>agere</span> <span class='ocrx_word' id='word_1_394' title='bbox 569 3763 657 3811; x_wconf 89' lang='lat' dir='ltr'>cum,</span> <span class='ocrx_word' id='word_1_395' title='bbox 675 3762 741 3796; x_wconf 90' lang='lat' dir='ltr'>even</span> <span class='ocrx_word' id='word_1_396' title='bbox 759 3750 798 3797; x_wconf 85' lang='lat' dir='ltr'>als</span> <span class='ocrx_word' id='word_1_397' title='bbox 815 3748 873 3796; x_wconf 90' lang='lat' dir='ltr'>hier</span> <span class='ocrx_word' id='word_1_398' title='bbox 891 3748 979 3796; x_wconf 88' lang='lat' dir='ltr'>iuven.</span> <span class='ocrx_word' id='word_1_399' title='bbox 997 3772 1031 3782; x_wconf 92' lang='lat'>-</span> <span class='ocrx_word' id='word_1_400' title='bbox 1047 3743 1094 3797; x_wconf 83' lang='lat'>49.</span> <span class='ocrx_word' id='word_1_401' title='bbox 1118 3746 1220 3808; x_wconf 90' lang='lat' dir='ltr'>nudo,</span> <span class='ocrx_word' id='word_1_402' title='bbox 1241 3760 1321 3808; x_wconf 75' lang='lat' dir='ltr'>amr,</span> 
     </span>
    </p>
   </div>
   <div class='ocr_carea' id='block_1_9' title="bbox 197 3810 1419 3875">
    <p class='ocr_par' dir='ltr' id='par_1_9' title="bbox 197 3810 1419 3875">
     <span class='ocr_line' id='line_1_48' title="bbox 197 3810 1419 3875; baseline -0.002 -13"><span class='ocrx_word' id='word_1_403' title='bbox 197 3815 235 3862; x_wconf 87' lang='lat' dir='ltr'>zie</span> <span class='ocrx_word' id='word_1_404' title='bbox 252 3828 288 3861; x_wconf 86' lang='lat' dir='ltr'>vs.</span> <span class='ocrx_word' id='word_1_405' title='bbox 306 3811 363 3861; x_wconf 86' lang='grc'>100.</span> <span class='ocrx_word' id='word_1_406' title='bbox 377 3838 411 3846; x_wconf 96' lang='grc'><strong>-</strong></span> <span class='ocrx_word' id='word_1_407' title='bbox 422 3810 467 3862; x_wconf 88' lang='grc'>53.</span> <span class='ocrx_word' id='word_1_408' title='bbox 486 3814 676 3863; x_wconf 89' lang='lat' dir='ltr'>Palfurio..</span> <span class='ocrx_word' id='word_1_409' title='bbox 691 3814 889 3863; x_wconf 87' lang='lat' dir='ltr'>Armillato:</span> <span class='ocrx_word' id='word_1_410' title='bbox 908 3818 975 3862; x_wconf 84' lang='lat' dir='ltr'>twee</span> <span class='ocrx_word' id='word_1_411' title='bbox 993 3813 1221 3875; x_wconf 85' lang='lat' dir='ltr'>rechtsgeleerden</span> <span class='ocrx_word' id='word_1_412' title='bbox 1236 3813 1323 3861; x_wconf 88' lang='lat' dir='ltr'>ander</span> <span class='ocrx_word' id='word_1_413' title='bbox 1418 3848 1419 3853; x_wconf 65' lang='lat'>,</span> 
     </span>
    </p>
   </div>
   <div class='ocr_carea' id='block_1_10' title="bbox 197 3876 1322 3944">
    <p class='ocr_par' dir='ltr' id='par_1_10' title="bbox 197 3876 1322 3944">
     <span class='ocr_line' id='line_1_49' title="bbox 197 3876 1322 3944; baseline 0 -17"><span class='ocrx_word' id='word_1_414' title='bbox 197 3879 377 3938; x_wconf 85' lang='lat' dir='ltr'>Domitianus,</span> <span class='ocrx_word' id='word_1_415' title='bbox 403 3883 495 3927; x_wconf 78' lang='lat' dir='ltr'>tereus</span> <span class='ocrx_word' id='word_1_416' title='bbox 518 3880 655 3929; x_wconf 85' lang='lat' dir='ltr'>delatores.</span> <span class='ocrx_word' id='word_1_417' title='bbox 679 3906 712 3914; x_wconf 97' lang='lat'>—</span> <span class='ocrx_word' id='word_1_418' title='bbox 737 3876 782 3931; x_wconf 89' lang='grc'>57.</span> <span class='ocrx_word' id='word_1_419' title='bbox 808 3885 1029 3944; x_wconf 87' lang='lat' dir='ltr'>quartanam,</span> <span class='ocrx_word' id='word_1_420' title='bbox 1055 3880 1110 3930; x_wconf 86' lang='lat' dir='ltr'>scil.</span> <span class='ocrx_word' id='word_1_421' title='bbox 1134 3879 1242 3941; x_wconf 90' lang='lat' dir='ltr'>febrim,</span> <span class='ocrx_word' id='word_1_422' title='bbox 1268 3880 1322 3927; x_wconf 85' lang='lat' dir='ltr'>dus</span> 
     </span>
    </p>
   </div>
   <div class='ocr_carea' id='block_1_11' title="bbox 0 0 1445 4409">
    <p class='ocr_par' dir='ltr' id='par_1_11' title="bbox 0 0 1445 4409">
     <span class='ocr_line' id='line_1_50' title="bbox 0 0 1445 4409; baseline 0 0"><span class='ocrx_word' id='word_1_423' title='bbox 0 0 1445 4409; x_wconf 95' lang='lat' dir='ltr'> </span> 
     </span>
    </p>
   </div>
  </div>
 </body>
</html>
