2850 4409
623 197 663 255 95

241 381 305 457 ipse
325 381 464 459 interque
483 400 591 459 greges
610 382 749 460 interque
769 389 903 442 armenta
923 382 1040 460 Cupido

280 466 370 521 natus
390 468 421 521 et
440 462 601 521 indomitas
621 462 733 522 dicitur
751 463 831 523 inter
850 480 953 541 equas.

241 539 304 601 illic
322 541 442 601 indocto
462 542 594 618 primum
614 559 646 602 se
667 543 805 602 exercuit
824 562 911 603 arcu:

189 620 223 679 70
280 621 309 680 ei
329 621 416 695 mihi,
438 640 528 699 quam
549 622 651 681 doctas
671 641 752 682 nunc
772 624 862 683 habet
881 623 933 683 ille
955 626 1076 683 manus!

242 718 262 758 n
339 702 464 775 ecudes,
485 703 570 761 velut
589 708 673 776 ante,
694 703 787 779 petit:
808 703 913 762 fixisse
933 704 1050 780 puellas

281 782 374 857 gestit
394 787 425 842 et
444 788 560 841 atroces
579 782 787 859 perdomuisse
807 783 903 858 viros;

243 860 292 919 hio
311 860 413 921 iuueni
434 862 565 922 detraxit
585 879 673 939 opes,
693 862 744 921 hic
764 862 864 923 dicere
884 863 974 922 iussit

282 939 374 1001 limen
394 942 433 1000 ad
452 942 546 1001 iratae
566 943 657 1001 verba
676 943 828 1022 pudenda
839 955 956 1017 senem3

190 1020 299 1079 751100
319 1022 398 1081 duce
418 1022 560 1098 custodes
580 1022 684 1081 furtim
705 1028 892 1099 transgressa
911 1023 1043 1083 iacentes

282 1102 321 1160 ad
340 1102 480 1161 iuvenem
499 1102 532 1160 in
552 1102 685 1162 tenebris
706 1103 769 1161 sola
789 1104 891 1179 puella
910 1103 994 1163 venit

244 1186 274 1239 et
293 1182 420 1258 pedibus
440 1187 608 1258 praetentat
628 1183 687 1241 iter
707 1199 855 1260 suspensa
875 1183 997 1256 timore,

283 1262 420 1338 explorat
439 1280 542 1322 caecas
563 1262 636 1321 dum
656 1280 763 1322 manus
783 1269 853 1322 ante
873 1263 946 1322 vias.

245 1359 263 1399 a
281 1342 397 1415 miseri,
418 1360 494 1418 quos
514 1341 564 1401 hic
584 1342 716 1418 graviter
736 1343 812 1402 deus
831 1345 934 1419 urget!
956 1342 1059 1402 atille

191 1419 226 1478 80
282 1421 372 1494 felix,
394 1422 443 1481 oui
463 1422 601 1499 placidus
622 1422 731 1482 leniter
751 1424 833 1482 afflat
853 1424 952 1482 Amor.

246 1507 359 1576 sance
379 1502 449 1561 veni
470 1501 597 1579 dapibus
617 1502 719 1575 testie,
743 1502 796 1561 sed
817 1521 893 1579 pone
915 1503 1038 1579 sagittas

283 1586 314 1641 et
333 1582 438 1658 procul
458 1582 597 1642 ardentes
617 1582 688 1643 hinc
707 1600 814 1659 precor
832 1583 908 1642 abde
928 1584 1017 1642 faces.

244 1679 295 1720 vos
315 1663 464 1721 celebrem
484 1665 601 1730 cantate
621 1662 712 1721 deum
732 1662 892 1740 pecorique
913 1669 1016 1722 vocate

282 1738 368 1801 ioco:
390 1742 489 1818 palam
509 1742 625 1818 pecori,
643 1737 725 1802 ialam
746 1742 802 1802 sibi
823 1743 951 1820 qtnsque
972 1749 1066 1802 vocet.

191 1819 226 1878 85
244 1827 294 1880 aut
313 1821 403 1881 etiam
424 1822 481 1881 sibi
502 1822 631 1900 quisque
651 1823 766 1898 palam:
788 1842 858 1882 nam
878 1825 965 1883 turba
984 1823 1083 1882 iocosa

283 1901 428 1994 obstrepit
448 1909 479 1961 et
499 1902 631 1978 Phrygio
652 1903 725 1962 tibia
746 1903 839 1972 einva
860 1909 939 1962 sono.

244 1981 351 2042 ludite:
368 1982 429 2041 iam
440 1981 472 2040 N
472 1982 743 2064 oxinngitequos,
761 2001 941 2060 currumque
956 1988 1124 2061 sequuntur

281 2062 385 2121 matris
405 2062 527 2121 lascivo·
541 2056 645 2121 s‘idera‘
659 2063 742 2122 fulva
762 2063 866 2136 choto,

244 2146 369 2219 postque
389 2142 473 2201 venit
492 2142 602 2201 tacitus
621 2142 719 2201 furvis
739 2142 941 2202 circumdatus
961 2143 1018 2202 alis

191 2219 226 2278 90
283 2221 462 2281 Somnusct
482 2222 596 2281 incerto
617 2221 738 2284 Somnia
757 2222 843 2299 nigra
862 2223 948 2299 pede.

596 2696 643 2770 n,
665 2698 691 2754 2.

338 2924 374 2964 ΟΡ
394 2924 454 2964 BEN
474 2922 686 2966 GEBOORTEDAG
705 2922 769 2962 VAN
789 2921 949 2963 condures.

244 3108 385 3168 Dicamus
405 3109 481 3167 bona
500 3110 605 3168 verba:
627 3108 711 3167 venit
730 3106 847 3166 Natalis
867 3107 906 3165 ad
926 3124 1008 3166 aras:

282 3188 421 3266 quisquis
441 3188 528 3262 ades,
548 3188 666 3264 lingua,
687 3188 734 3245 vir
753 3188 935 3263 mulierque,
956 3187 1032 3244 fave.

111 3342 244 3362 κ.-

134 3438 169 3496 83.
185 3456 298 3500 vocate
315 3464 407 3499 voce:
426 3464 489 3499 voce
506 3464 598 3500 vocare
615 3450 696 3498 deum
712 3449 735 3498 is
753 3463 818 3498 eene
833 3463 892 3497 zeer
906 3463 1014 3512 gewone
1027 3447 1203 3511 uitdrukking

40 3569 41 3574 ¹
110 3522 156 3559 voor
174 3515 241 3566 luide
262 3517 361 3567 bidden
384 3520 425 3567 tot
445 3530 495 3565 een
511 3517 575 3580 god,
598 3516 648 3566 ooli
666 3531 729 3566 voce
746 3516 855 3578 precari.
881 3515 944 3567 Wat
961 3530 1024 3564 men
1041 3529 1085 3563 om
1104 3515 1203 3564 decen

40 3597 42 3646 ξ
109 3576 130 3650 .⁰f
140 3581 226 3632 andere
242 3585 323 3633 reden
339 3584 422 3633 liever
439 3583 495 3632 niet
511 3584 574 3633 door
590 3583 708 3632 anderen
725 3583 841 3646 gehoord
859 3583 937 3631 wilde
954 3582 1059 3632 hebben
1076 3581 1127 3631 bad
1140 3597 1203 3631 men

40 3653 42 3666 ’
108 3655 128 3690 ¹11
145 3647 208 3698 stilte
230 3665 280 3700 van
304 3651 336 3699 de
358 3650 487 3714 godheid‚
509 3649 599 3700 Horat.
623 3650 703 3712 Epist.
727 3649 753 3712 1,
775 3647 822 3711 lo,
845 3647 886 3697 69.
913 3648 962 3698 Zoo
984 3649 1044 3698 bidt
1065 3663 1127 3697 men
1145 3649 1202 3697 hier

107 3708 163 3761 luide
181 3730 240 3766 voor
261 3718 309 3767 het
331 3731 379 3766 nee
400 3731 451 3765 aan
468 3716 520 3765 den
537 3717 587 3781 god
604 3716 651 3765 der
668 3715 905 3776 vruchtbaarheid‚
928 3714 1042 3778 Cupido,
1066 3730 1129 3764 uoor
1146 3715 1202 3764 rich

106 3778 178 3830 zelven
199 3785 280 3834 zacht.
303 3810 338 3818 -
359 3779 407 3834 88.
430 3784 564 3832 matris:
587 3783 643 3832 scil.
667 3783 765 3832 noctis:
788 3782 821 3830 de
840 3783 921 3831 nocht
937 3797 992 3831 was
1009 3782 1117 3845 volgens
1133 3781 1202 3831 onde

105 3844 277 3915 godsdienstige
299 3850 505 3914 voorstellingen
529 3847 575 3914 (bij
599 3850 632 3898 de
655 3846 773 3912 Orphici)
796 3848 829 3897 de
849 3849 957 3898 moeder
974 3849 1021 3897 der
1038 3853 1153 3909 stenen,
1174 3847 1202 3908 ja

105 3909 154 3961 tells
168 3930 214 3965 van
230 3918 296 3967 alles
312 3921 367 3967 wat
382 3917 494 3967 bestaat.
