2850 4409
690 142 749 202 22'2

660 331 706 405 11,
734 332 780 389 11.

359 482 445 556 Quod
465 483 563 541 fronte
584 481 698 542 Selium
718 482 821 541 nubila
841 480 943 553 vides,
964 481 1056 555 Rufe,

359 563 440 640 quod
460 563 628 622 ambulator
646 561 796 638 porticum
816 561 888 620 terit
909 578 1020 634 seram,

360 644 487 719 lugubre
508 641 651 719 quiddam
672 642 754 718 quod
773 646 852 700 tacet
872 640 959 717 piger
978 641 1096 716 vultus,

360 723 440 800 quod
460 740 555 799 paene
576 727 684 781 herram
705 738 798 779 nasus
817 721 960 780 indecens
981 720 1090 797 tangit,

320 805 339 862 ὅ
359 803 440 880 quod
461 802 568 861 dextra
588 807 694 877 pectus
715 801 816 877 pulsat
835 806 867 860 et
887 819 1001 860 comam
1021 800 1122 860 vellit:

359 901 419 942 non
438 882 491 942 ille
511 881 599 941 amici
619 883 681 940 fata
700 882 786 957 luget
805 890 858 939 aut
877 881 994 955 fratris,

359 968 486 1039 uterque
507 966 595 1021 uatus
616 961 691 1020 vivit
711 967 743 1020 ct
762 979 867 1037 precor
886 961 983 1035 vivat,

360 1043 443 1102 salva
462 1047 510 1102 est
529 1047 561 1101 et
581 1060 658 1102 uxor
679 1041 873 1118 sarcinaeque
893 1040 1047 1118 servique,

360 1122 436 1181 nihil
456 1123 580 1182 colonus
599 1122 768 1198 vilicusque
789 1120 919 1180 decoxit.

302 1203 340 1263 10
360 1202 503 1262 maeroris
523 1201 617 1277 igitur
637 1219 727 1260 causa
747 1203 845 1278 quae?
867 1235 906 1244 -
927 1200 1007 1259 domi
1028 1205 1123 1260 cenat.

661 1380 707 1455 11,
735 1382 781 1440 20.

320 1533 458 1593 Carmina
479 1533 591 1591 Paulus
612 1533 699 1602 emit,
721 1532 827 1592 recitat
848 1550 902 1592 sua
922 1530 1053 1591 carmina
1072 1530 1198 1590 Paulus.

361 1632 429 1671 nam
450 1612 530 1690 quod
550 1630 647 1686 emas,
668 1613 767 1688 possis
786 1612 852 1671 iure
873 1630 978 1671 vocare
999 1616 1094 1670 tuum

661 1791 707 1864 11,
735 1793 782 1850 ss.

362 1944 424 2002 Cur
443 1942 606 2002 tristiorem
627 1942 778 2001 cernimus
799 1941 990 2002 Saleianum?

362 2041 417 2097 „an
438 2040 527 2082 causa
547 2021 623 2081 levis
644 2022 730 2082 est?”
752 2022 865 2099 inquit,
887 2022 1001 2096 „extuli
1021 2022 1176 2082 uxorem.’'

363 2121 380 2162 ο
400 2103 513 2178 grande
534 2102 588 2161 fati
608 2103 737 2161 crimen!
761 2120 777 2161 o
798 2120 920 2178 gravem
940 2104 1057 2162 casum!

360 2183 429 2256 illa,
449 2182 502 2241 illa
523 2183 608 2241 dives
628 2187 812 2242 mortuaest
833 2182 1022 2255 Secundilla,

323 2264 341 2322 5
363 2269 490 2323 centena
510 2263 632 2322 deciens
652 2281 729 2339 quae
750 2262 804 2321 tibi
826 2262 910 2322 dedit
930 2262 1030 2322 dctis?

361 2344 472 2402 nollem
493 2343 652 2402 accidisset
671 2343 728 2401 hcc
748 2343 818 2416 tibi,
840 2342 983 2402 Saleiane.

657 2511 721 2585 m,
742 2514 790 2571 35.

402 2660 485 2720 Amis
506 2661 666 2721 Phidiacae
686 2666 822 2721 toreuma
841 2662 954 2721 clarum

402 2741 501 2817 pisces
521 2741 647 2817 aspicis:
669 2742 747 2801 adde
767 2759 890 2818 aquam,
911 2742 1062 2800 nutabunt.

197 2933 234 2993 ll,
257 2931 297 2981 11.
333 2927 349 2981 Ι.
377 2930 521 2981 Selium:
545 2930 632 2981 Selius
654 2931 676 2980 is
699 2931 732 2979 de
754 2928 922 2993 gehugeerde
945 2943 1025 2978 naam
1050 2944 1111 2978 voor
1133 2943 1184 2978 een
1206 2930 1290 2980 tesel-

162 3000 305 3050 schuimer.
322 3023 356 3032 —
373 2998 472 3061 Rufe,
495 2997 701 3061 waarschi'nlijk
719 2996 817 3046 Canius
835 2996 921 3046 Rufus
938 2997 979 3045 uit
997 2995 1097 3059 Gades,
1114 3011 1164 3045 een
1182 2996 1290 3046 dichder

162 3082 196 3116 en
222 3065 349 3129 schrijver
374 3079 425 3114 van
451 3078 544 3128 naam,
569 3065 595 3127 1,
618 3014 664 3127 dl,
687 3062 711 3112 9.
729 3088 763 3096 —
780 3060 806 3113 2.
833 3064 1001 3125 perticum
1027 3063 1127 3126 terit,
1154 3063 1229 3126 loopt
1253 3064 1290 3114 de

162 3132 305 3197 qallcm'jen
327 3132 403 3195 plat;
429 3145 554 3181 wenneer
577 3132 624 3180 het
646 3131 771 3192 dagwerk
794 3130 947 3194 afgeloopen
971 3144 1005 3178 en
1028 3130 1059 3178 de
1083 3129 1131 3194 tijd
1155 3144 1218 3179 vcor
1241 3131 1291 3180 het

163 3200 341 3263 middagmaal
365 3213 417 3262 nug
440 3198 496 3247 niet
518 3198 705 3261 aangebroken
729 3211 795 3259 wes,
821 3198 886 3260 ging
908 3211 971 3246 men
995 3197 1078 3245 veelal
1101 3197 1241 3246 wandelen
1259 3197 1289 3246 in

163 3269 215 3317 den
238 3266 354 3328 Campus
373 3265 498 3328 Martius,
522 3265 564 3314 die
581 3279 633 3314 van
650 3265 844 3327 zuilengangen
861 3264 982 3327 omringd
1000 3277 1066 3324 was3
1090 3263 1225 3312 daerheen
1239 3263 1289 3313 be-

163 3349 247 3398 gaven
264 3333 321 3383 zich
338 3332 391 3381 den
409 3332 486 3381 zulke
504 3333 662 3394 menschen,
679 3331 723 3379 die
737 3330 812 3393 jacht
830 3330 954 3379 maakten
973 3346 1005 3393 op
1020 3344 1086 3379 eene
1101 3329 1290 3395 uitndodiging

163 3415 214 3449 aan
234 3401 307 3449 talei.
325 3423 358 3433 -
375 3395 401 3449 9.
426 3401 582 3449 colonus:
606 3398 638 3446 de
656 3396 744 3462 (vrije)
762 3397 881 3446 huurder
898 3397 927 3446 cf
943 3398 1065 3460 pechter3
1088 3397 1230 3460 vilicus,
1254 3397 1289 3446 de

163 3464 232 3528 (niet
249 3464 325 3529 vrije)
342 3467 425 3514 meier
441 3466 470 3514 ol
486 3465 646 3514 bcstuurder
663 3479 714 3512 van
732 3479 782 3513 een
799 3465 936 3527 landgoed,

197 3533 234 3596 ll,
258 3531 299 3581 20.
334 3530 373 3595 Op
398 3532 504 3581 iemand
530 3532 573 3581 die
596 3532 790 3595 cnuitgegevcn
814 3530 954 3594 gedichten
977 3545 1040 3580 soor
1062 3530 1127 3593 gced
1151 3530 1212 3593 geld
1236 3545 1289 3580 van

163 3615 214 3651 een
233 3599 336 3648 dichter
354 3599 434 3662 hoopt
451 3613 485 3648 en
503 3600 543 3648 als
560 3599 592 3647 de
610 3598 677 3662 zijne
694 3598 858 3660 vccrdraagt.

198 3666 236 3728 ll,
253 3664 294 3714 65.
330 3661 347 3715 Ι.
373 3665 557 3715 Saleianus
574 3666 597 3715 is
613 3679 663 3714 een
680 3663 848 3728 gefingeerde
865 3678 953 3713 naam.
970 3689 1003 3698 -
1020 3660 1046 3714 5.
1070 3667 1219 3713 centena
1236 3664 1289 3712 de-

164 3734 271 3783 ciens:
290 3732 350 3780 hier
365 3732 388 3780 is
404 3733 491 3781 alleen
509 3732 583 3781 milia
600 3730 779 3792 (sestertium)
797 3732 975 3794 weggelaten3
992 3744 1122 3791 ongeveer
1140 3728 1289 3791 fluendo.

164 3800 222 3863 Vgl.
240 3798 301 3847 Hor.
320 3798 374 3848 Sat.
394 3799 417 3861 l,
434 3797 465 3861 3,
483 3797 529 3848 15:
547 3798 654 3848 deciens
669 3803 783 3848 centena
800 3798 924 3847 dedisses.
950 3797 1006 3847 Lat.
1024 3794 1068 3847 Gr.
1086 3794 1174 3858 5155.
1192 3797 1289 3847 Ααιιω.

198 3865 247 3927 lll,
266 3863 307 3914 35.
343 3861 359 3915 Ι.
378 3871 548 3926 toreuma,
566 3864 772 3929 waarschijnlijli
790 3879 839 3914 een
856 3866 945 3914 schaal
959 3863 988 3913 of
997 3865 1098 3913 schedel
1111 3877 1161 3912 van
1174 3865 1288 3926 metaal,
