2850 4409
620 184 676 241 155

184 367 234 424 202
289 368 332 426 ire
351 387 406 444 per
427 369 503 426 hanc
522 367 597 440 nuli,
619 368 757 445 quisquis
778 385 826 426 es:
848 386 934 427 omen
957 368 1053 426 habet.

183 446 234 504 205
253 453 285 506 ut
303 448 393 506 celeri
414 466 504 524 passu
526 448 694 507 Cremeram
716 448 842 523 tetigere
863 466 1017 524 rapacem

289 527 438 602 (turbidus
458 528 590 587 hibernis
610 528 662 586 ille
681 528 793 587 fluebat
813 528 910 604 aquis)

253 613 345 665 castra
365 608 430 666 1333
451 615 573 683 ponunt.
595 608 750 667 destrictis
770 608 892 666 ensibus
912 608 970 683 ipsi

290 687 476 762 Tyrrhenum
497 687 595 746 valido
616 688 711 747 Marte
733 706 787 764 per
806 706 913 763 agmen
933 696 1014 745 eunt.

252 784 308 825 non
327 767 415 826 aliter
435 786 524 845 quam
545 786 613 827 cum
635 768 748 843 Libyca
769 768 806 826 de
827 785 901 843 rupe
921 768 1023 826 133333

183 845 234 903 210
291 846 436 906 invadunt
456 865 574 923 sparsus
594 848 654 906 lata
674 866 729 924 per
749 866 818 906 arva
838 865 953 923 greges.

253 926 411 1003 diffugiunt
431 929 547 1001 hostes,
568 927 784 1004 inhonestaque
806 929 928 986 vulnera
949 934 1033 1002 tergo

290 1007 454 1083 accipiunt:
477 1007 573 1066 Tusco
595 1008 739 1083 sanguine
760 1015 839 1066 terra
859 1008 954 1066 rubet.

254 1086 294 1145 sic
313 1087 438 1160 iterum,
460 1086 503 1146 313
524 1106 612 1164 saepe
632 1088 752 1146 cadunt.
775 1088 831 1146 Ubi
853 1088 971 1146 vincere
992 1093 1094 1164 aperte

290 1185 348 1225 non
369 1168 471 1240 datur,
492 1168 617 1226 insidias
637 1186 779 1244 armaque
799 1174 878 1226 tecta
898 1173 1011 1244 parant.

182 1245 234 1302 215
253 1264 373 1323 campus
394 1254 465 1306 erat.
486 1248 582 1324 campi
604 1248 782 1306 claudebant
802 1247 907 1306 ultima
927 1248 1019 1306 331133

291 1327 425 1403 silvaque
446 1334 599 1386 montanas
620 1328 759 1387 occulere
779 1335 848 1403 apta
868 1328 954 1386 feras.

252 1407 282 1464 in
302 1407 400 1465 medic
420 1425 530 1483 paucus
551 1416 744 1483 armentaque
766 1426 831 1466 rara
851 1408 1039 1485 relinquunt,

290 1493 388 1545 cetera
409 1488 547 1562 virgultis
567 1488 668 1546 abdita
688 1488 774 1546 turba
795 1488 876 1545 latet.

253 1584 318 1626 ecce
339 1568 424 1626 velut
444 1574 559 1626 torrens
580 1568 670 1625 undis
690 1567 873 1643 pluvialibus
893 1573 1014 1638 333133,

182 1643 234 1702 220
291 1655 343 1705 aut
363 1647 446 1720 nire,
468 1666 544 1723 quae
565 1648 703 1723 Zephyre
723 1647 802 1706 victa
822 1653 943 1723 tepente
964 1647 1046 1719 fluit,

253 1744 305 1802 per
324 1735 388 1786 sata
408 1745 521 1803 perque
542 1727 606 1785 3133
626 1728 737 1798 fertur,
759 1746 829 1798 nec,
851 1735 885 1785 ut
904 1734 973 1786 ante
995 1727 1123 1797 solebat,

291 1807 422 1882 riparum
443 1807 560 1866 clausas
580 1808 712 1881 margine
734 1807 801 1865 tluit
821 1825 929 1883 aquas:

253 1885 295 1945 sic
315 1887 396 1946 Fabii
418 1887 527 1945 vallem
547 1887 616 1946 latis
638 1887 824 1945 discursibus
844 1887 984 1962 implent,

292 1967 432 2043 quodque
453 1967 569 2040 rident,
591 1973 737 2025 sternunt.
759 1985 813 2025 nec
835 1973 933 2025 metus
953 1967 1029 2024 alter
1049 1966 1136 2024 inest.

181 2043 234 2101 225
254 2065 310 2122 quo
331 2047 434 2119 mritis,
455 2065 598 2122 generosa
619 2047 746 2105 domus?
769 2047 844 2105 male
865 2046 988 2105 creditis
1008 2045 1096 2103 hosti.

292 2126 420 2202 simplex
442 2127 594 2200 nubilitaS,
616 2128 730 2202 perlida
751 2126 810 2185 tela
831 2129 917 2185 cave!

252 2206 356 2265 fraude
377 2207 456 2282 perit
475 2208 579 2265 virtus
601 2207 632 2264 in
652 2213 771 2282 apertos
792 2207 925 2282 undique
946 2223 1066 2281 campos

291 2286 452 2362 prosiliunt
472 2288 588 2358 hostes,
609 2296 640 2345 et
660 2287 740 2345 latus
760 2305 847 2345 omne
868 2294 978 2345 tenent.

253 2366 324 2442 quid
344 2366 455 2424 iaciant
475 2367 562 2442 pauci
583 2372 684 2425 contra
704 2374 749 2424 tut
771 2366 852 2424 milia
871 2367 984 2424 fortes?

148 2447 151 2452 ‘
181 2443 234 2502 230
292 2446 419 2523 quidve,
440 2447 520 2523 quod
540 2446 572 2504 in
594 2446 701 2505 misero
723 2453 855 2522 tempure
877 2452 984 2517 restet,
1006 2445 1135 2503 habent?

254 2526 331 2585 sicut
350 2544 423 2602 aper
444 2527 531 2599 lunge
553 2526 637 2584 silvis
658 2526 857 2585 Laurentibus
877 2532 963 2585 actus

169 2605 174 2614 “
292 2607 437 2664 fulmineo
458 2607 574 2665 celeres
596 2606 794 2681 dissipatore
814 2624 918 2678 cauea,

253 2704 323 2744 mox
344 2693 445 2744 tamen
464 2686 530 2762 ipse
550 2685 643 2762 perit,
665 2687 708 2744 sie
730 2703 788 2743 non
809 2686 976 2743 moriuntur
995 2685 1100 2756 inulti,

292 2767 477 2841 vulneraque
498 2767 612 2824 alterna
633 2766 764 2841 dantque
784 2766 944 2841 feruntque
966 2783 1064 2824 manu.

180 2843 234 2902 235
255 2864 312 2904 333
334 2845 399 2904 0133
419 2845 525 2904 Fabios
545 2846 584 2903 30
605 2846 717 2904 bellum
739 2845 860 2904 miserat
881 2862 999 2903 ornnes:

293 2926 331 2984 ad
353 2926 465 2984 bellum
486 2926 593 2983 missos
614 2925 747 3001 perdidit
768 2943 825 2983 una
847 2925 920 2982 dies.

253 3011 287 3064 ut
307 3012 405 3064 tamen
429 3005 593 3064 Herculeae
615 3011 808 3081 superessent
829 3004 942 3063 semina
962 3003 1076 3079 gentis,

293 3085 437 3144 credibile
457 3091 504 3143 est
523 3085 605 3160 ipsos
626 3085 813 3143 consuluisse
834 3084 914 3142 0333.

254 3183 322 3223 nam
343 3183 419 3241 puer
439 3165 576 3241 impubes
597 3170 627 3222 et
647 3165 746 3222 adhuc
766 3183 824 3222 ncn
846 3164 930 3222 utilis
950 3162 1041 3221 armis

114 3288 247 3304 ἥ--ᾕ-

114 3361 210 3416 1331130
226 3368 376 3418 Cremeram
396 3369 496 3417 llumeu
515 3369 680 3430 perueniunt.
699 3392 733 3400 -
749 3363 813 3417 207.
841 3366 927 3428 1333,
949 3367 1065 3427 eulaeo,
1089 3365 1216 3429 namelijk

114 3429 139 3476 td
162 3431 314 3485 Cremeram.
338 3461 371 3469 -
394 3431 460 3485 208.
487 3434 716 3496 Tyrrhenum:
742 3433 892 3496 0333313311,
918 3434 1026 3481 3333313
1051 3434 1079 3480 13
1105 3448 1141 3480 33.
1167 3431 1217 3480 alu

113 3493 212 3550 Tuscu.
229 3500 343 3554 -222
371 3504 522 3563 clausae,
547 3502 655 3563 prolept.
673 3526 706 3533 -
723 3496 788 3549 224.
812 3505 923 3548 metus
940 3501 1044 3561 alter,
1065 3513 1218 3548 vreesvocr

113 3561 154 3611 iau
174 3570 282 3632 andere,
305 3569 377 3632 quod
401 3582 454 3617 ncn
480 3568 583 3629 rident,
608 3567 744 3631 rijauden‚
767 3567 809 3614 die
827 3568 855 3614 in
873 3567 1029 3629 hinderlaag
1045 3566 1150 3629 liggen3
1173 3582 1217 3614 zuo

114 3637 162 3692 teet
177 3649 235 3684 men
252 3636 315 3685 cclx:
333 3636 356 3684 is
374 3639 477 3695 333333,
494 3635 541 3682 1113
559 3633 636 3694 tides,
656 3636 814 3693 praecoma,
832 3633 864 3680 de
882 3646 956 3681 33333
973 3632 1100 3681 03333333
1116 3648 1172 3681 enz.
1185 3658 1218 3665 —

113 3690 158 3748 231.
174 3701 269 3751 silvis
286 3700 535 3752 Laurentibus:
554 3701 663 3749 randum
676 3700 708 3747 de
720 3700 789 3747 uude
801 3699 860 3747 stad
873 3699 1051 3753 Laurentum.
1065 3705 1111 3747 ten
1124 3699 1217 3747 zuiden

113 3775 154 3813 333
176 3767 254 3818 Rome
279 3770 308 3819 in
335 3768 368 3816 de
394 3766 529 3830 nabijheid
552 3768 598 3815 der
620 3780 665 3814 zee
688 3766 812 3829 gelegen,
840 3780 928 3813 waren
951 3766 1008 3813 vele
1032 3765 1161 3814 bcsschen
1184 3780 1218 3812 en

114 3841 260 3898 mcerassen,
283 3836 384 3884 waurin
409 3834 465 3882 zich
489 3833 567 3882 wilde
590 3833 700 3896 rwijnen
725 3832 874 3894 opbielden.
891 3857 925 3865 -
942 3827 1005 3881 237.
1029 3831 1218 3880 Herculeae

113 3902 226 3956 gentis:
249 3904 282 3951 de
305 3901 379 3950 Fabii
402 3901 594 3949 beschcuwden
620 3899 747 3947 Hercules
770 3913 803 3946 en
821 3912 886 3945 eene
904 3899 1014 3946 dccbter
1030 3911 1081 3944 van
1100 3897 1220 3943 Evander
