2850 4409
726 166 764 222 22

345 355 377 408 et
398 355 497 408 metus
518 350 570 409 ille
590 351 670 410 foras
690 369 834 428 praeceps
853 352 1036 412 Acheruntis
1056 354 1205 429 agendus,

344 429 482 487 funditus
503 430 664 489 humanam
683 431 736 508 qui
756 431 848 490 vitam
869 434 970 492 turbat
989 435 1026 493 ab
1046 433 1121 507 imo,

345 508 444 567 omnia
464 511 641 570 suffundens
661 510 766 570 mortis
787 512 919 587 nigrore,
941 531 1039 590 neque
1059 514 1152 572 ullam

284 591 324 648 40
345 606 411 648 esse
432 591 616 666 voluptatem
637 591 783 668 liquidam
804 610 969 668 puramque
990 592 1140 669 relinquit.

345 687 414 727 nam
428 670 508 746 quod
522 688 611 746 saepe
625 670 761 729 homines
775 673 892 731 morbos
906 671 1001 748 magis
1015 690 1082 732 esse
1096 672 1247 733 timendos

343 747 544 826 infamemque
564 751 666 809 ferunt
686 752 778 809 vitam
799 770 889 827 quam
910 752 1030 810 Tartara
1050 753 1119 826 leti,

344 835 375 888 et
395 847 427 888 se
449 830 525 889 scire
545 830 636 888 animi
657 837 793 889 naturam
815 832 969 907 sanguinis
989 850 1090 906 esse,

343 913 396 967 aut
416 909 506 968 etiam
527 910 624 983 venti,
647 911 672 968 si
692 912 752 969 fert
772 911 814 968 ita
834 912 910 970 torte
930 913 1084 985 voluntas,

284 991 323 1047 45
344 1007 400 1048 555
420 1007 543 1065 prosum
563 990 724 1067 quiequam
744 997 862 1049 nostrae
882 991 1005 1049 rationis
1025 1010 1129 1067 egere,

344 1069 414 1128 hinc
434 1069 506 1128 licet
526 1070 664 1129 advertas
684 1070 818 1128 animum
839 1071 934 1147 magis
955 1071 1053 1130 omnia
1072 1071 1171 1130 laudis

343 1149 449 1208 iactari
471 1167 560 1207 causa
581 1169 671 1226 quam
692 1151 773 1227 quod
794 1168 842 1209 res
861 1151 928 1227 ipsa
948 1152 1098 1227 probetur.

344 1235 478 1288 extorres
499 1229 579 1288 idem
601 1229 696 1305 patria
716 1231 864 1306 longeque
885 1231 980 1306 fugati

344 1315 511 1384 conspectu
532 1328 570 1367 ex
592 1309 747 1368 hominum
767 1310 878 1369 foedati
898 1311 1022 1370 crimine
1043 1311 1142 1388 turpi,

285 1389 322 1447 50
344 1389 480 1448 omnibus
501 1390 634 1448 erumnis
655 1390 765 1448 adfecti
786 1390 915 1466 denique
936 1391 1056 1464 vivunt,

343 1475 374 1528 et
395 1487 582 1545 quocumque
603 1476 703 1528 tamen
723 1469 826 1529 miseri
846 1489 955 1529 venere
976 1475 1134 1546 parentant

343 1553 374 1608 et
394 1548 495 1624 nigras
515 1555 649 1609 mactant
667 1550 801 1626 pecudes
821 1557 852 1609 et
873 1550 1002 1609 manibu'
1024 1550 1103 1609 divis

252 1645 254 1648 ·
343 1629 466 1688 inierias
487 1629 625 1702 mittunt,
646 1630 801 1706 multoque
821 1630 853 1688 in
873 1631 963 1690 rebus
983 1631 1098 1689 acerbis

342 1709 441 1768 acrius
462 1709 623 1768 advertunt
643 1709 757 1768 animos
778 1710 816 1768 ad
837 1710 1020 1785 religionem.

284 1790 322 1846 55
344 1807 402 1866 quo
423 1789 518 1865 magis
539 1790 569 1846 in
592 1789 690 1849 dubiis
711 1790 861 1848 hominem
884 1796 1018 1865 spectare
1039 1789 1160 1866 periclis

343 1869 481 1928 convenit
500 1869 694 1946 adversisque
714 1870 746 1927 in
767 1870 856 1929 rebus
877 1888 999 1929 noscere
1020 1870 1072 1946 qui
1094 1870 1141 1929 sit.

343 1968 412 2008 nam
432 1967 520 2008 verae
541 1967 630 2008 voces
650 1957 716 2007 tum
737 1950 858 2008 demum
879 1955 997 2025 pectore
1018 1951 1054 2008 ab
1075 1950 1135 2009 imo

343 2029 520 2088 eliciuntur:
543 2029 690 2105 deripitur
710 2047 851 2105 persona,
872 2036 972 2088 manet
993 2048 1050 2088 res.

343 2109 472 2185 denique
493 2110 632 2168 avarities
653 2116 684 2168 et
704 2110 850 2168 honorum
870 2127 958 2168 caeca
978 2110 1102 2185 cupido,

283 2189 321 2247 60
342 2207 418 2266 quae
439 2190 564 2248 miseros
584 2189 720 2248 homines
741 2197 851 2265 cogunt
871 2190 1081 2249 transcendere
1102 2191 1178 2248 fines

342 2269 417 2327 iuris
437 2275 468 2328 et
488 2268 639 2329 interdum
661 2270 756 2329 soeios
778 2270 927 2328 scelerum
947 2275 1036 2345 atque
1058 2269 1210 2328 ministros

342 2355 445 2408 noctes
465 2355 555 2425 atque
578 2349 643 2407 dies
663 2349 719 2407 niti
739 2355 909 2425 praestante
929 2350 1029 2408 labore

342 2429 380 2487 ad
402 2446 534 2487 summas
554 2447 707 2503 emergere
729 2447 815 2504 opes,
836 2430 910 2487 haec
930 2429 1054 2488 vulnera
1074 2429 1153 2488 vitae

342 2527 401 2566 non
422 2508 575 2566 minimam
595 2517 710 2584 partem
732 2510 836 2567 mortis
856 2509 1015 2568 formidine
1035 2509 1165 2567 aluntur.

182 2769 262 2817 vapor
285 2768 318 2801 en
340 2766 405 2801 5555
422 2756 519 2814 quarta
536 2752 664 2814 essentia,
689 2752 731 2800 die
749 2766 816 2814 geen
834 2766 912 2800 naam
930 2752 1036 2813 draagt,
1060 2765 1135 2799 macr
1152 2754 1210 2800 veel
1228 2752 1310 2816 fijner

181 2822 204 2870 is
229 2821 282 2869 555
305 2820 337 2867 55
360 2823 446 2868 555555
470 2819 532 2867 5515.
555 2842 589 2852 -
612 2814 658 2868 42.
685 2818 829 2867 Tartara
855 2818 932 2866 leti:
959 2818 1065 2866 5555515
1087 2818 1115 2866 15
1138 2817 1158 2865 ’5
1175 2816 1309 2870 Grieksch

181 2884 197 2935 ὁ
224 2882 357 2950 Τάρταρος
381 2901 415 2935 55
438 2880 468 2933 τὰ
496 2881 616 2947 Τάρταρα
641 2900 685 2934 555
707 2885 757 2934 ooli
780 2886 808 2933 15
830 2885 850 2932 ’5
866 2884 967 2948 Latijn:
991 2884 1116 2932 Tartarus
1133 2899 1167 2932 en
1185 2884 1308 2936 Tartara.

181 2955 238 3018 Vgl.
254 2954 303 3016 111,
321 2952 401 3002 1042:
420 2952 503 3015 „lucis
514 2966 615 3014 egenus
626 2951 753 3000 Tartarus
766 2951 907 3000 horriferos
919 2956 1044 3000 eructans
1055 2950 1177 3000 faucibus
1189 2953 1310 3004 aestus”.

181 3022 219 3071 Ile
244 3025 332 3085 genet.
358 3019 456 3082 sehijnt
481 3021 520 3067 als
545 3032 595 3066 een
621 3025 709 3081 genet.
736 3032 843 3080 possess.
867 3022 894 3066 55
918 3021 1024 3066 moeten
1048 3018 1154 3066 worden
1178 3025 1308 3134 oppetat:

180 3091 290 3137 letum
314 3088 343 3136 of
364 3086 483 3135 Letum
507 3085 580 3133 heeft
603 3084 653 3149 zijn
677 3087 745 3134 55551
763 3086 790 3133 15
809 3085 860 3133 555
877 3084 1010 3133 Tartarus
1037 3082 1094 3146 Vgl.
1113 3084 1190 3146 Verg.
1233 3100 1307 3151 eorg.

180 3155 227 3218 IV,
251 3152 313 3203 481:
340 3153 423 3217 „quin
445 3153 517 3214 ipsae
541 3156 667 3213 stupuere
691 3152 785 3200 domus
808 3156 889 3213 atque
912 3151 1009 3199 intima
1031 3150 1089 3199 Leti
1111 3150 1248 3200 Tartara.”
1271 3179 1309 3188 —

181 3218 227 3271 43.
253 3221 356 3269 animi
374 3225 472 3268 natura
488 3222 529 3267 555
546 3223 642 3267 natura
659 3219 810 3280 sanguinis,
828 3219 913 3266 zooals
930 3217 1100 3278 Empedocles
1116 3218 1220 3267 leerde:
1238 3215 1307 3281 αἷμα

180 3282 230 3351 γὰρ
253 3283 408 3349 ἀνθρώποις
430 3279 602 3347 περικάρδιόν
619 3281 672 3332 ἐστι
689 3282 784 3347 νόημα.
811 3284 981 3346 Empedocles
998 3283 1119 3331 animum
1137 3298 1195 3332 esse
1212 3293 1309 3336 censet

181 3354 252 3404 cordi
270 3354 401 3402 suffusum
419 3352 577 3415 sanguinem
609 3352 679 3414 Disp.
697 3351 773 3400 Tusa.
791 3351 817 3413 1,
834 3348 921 3413 9,19.
939 3375 971 3383 -
989 3346 1036 3399 44.
1061 3351 1172 3413 55551,
1197 3352 1308 3403 animus

182 3424 300 3469 verwant
322 3424 378 3468 met
400 3415 504 3480 ἄνεμος.
522 3444 555 3451 -
573 3390 619 3468 45.
643 3433 780 3480 prosum
799 3433 828 3459 =
848 3431 981 3478 prorsum,
1006 3431 1050 3465 555
1071 3416 1122 3465 ook
1144 3432 1225 3466 rusus
1242 3435 1309 3470 voor

180 3501 286 3549 rursus,
304 3485 338 3542 V,
357 3483 419 3548 749,
436 3486 568 3533 introsum
586 3500 647 3534 voor
662 3485 824 3546 introrsum,
841 3483 890 3545 Ill,
908 3481 964 3531 534.
983 3507 1018 3515 -
1034 3488 1174 3532 nostrae
1196 3487 1307 3536 ratio·

181 3554 248 3615 515,
271 3567 334 3601 5555
357 3553 425 3614 leer,
449 3566 496 3600 555
516 3556 640 3615 systeem.
658 3577 692 3585 -
709 3547 755 3601 46.
780 3552 940 3599 advertas
963 3549 1112 3597 animum
1131 3564 1162 3593 =
1180 3551 1308 3602 animad-

181 3624 327 3668 vertas-
345 3615 381 3668 51.
405 3623 532 3679 tamen,
557 3618 682 3667 olschoon
706 3632 735 3666 55
759 3632 803 3666 555
825 3615 988 3679 ongelukkig
1005 3615 1057 3679 zijn
1074 3630 1108 3664 55
1126 3631 1241 3667 meenen
1260 3635 1308 3670 555

181 3686 247 3750 good
264 3691 292 3734 te
310 3691 411 3745 weten,
429 3685 475 3732 555
492 3685 524 3732 55
542 3685 590 3733 5151
608 3685 706 3734 51551555
723 3684 847 3746 stollelijlr
865 3684 900 3745 is,
918 3696 1027 3731 5555555
1045 3697 1073 3730 55
1090 3683 1151 3731 toch
1167 3683 1308 3736 5555555

180 3767 214 3802 en
241 3751 387 3815 gebruiken
414 3751 513 3799 allerlei
535 3751 707 3815 bijgeloorige
731 3751 864 3798 middelen
888 3764 931 3797 om
955 3749 1017 3797 hem
1039 3752 1067 3797 te
1090 3749 1248 3801 ontkornen.
1273 3779 1308 3788 -

181 3816 226 3870 59.
252 3819 433 3867 avarities:
455 3817 490 3882 bij
510 3817 585 3867 Lucr.
602 3818 700 3866 lromen
718 3823 881 3866 a·stammen
900 3814 1013 3879 dikwijls
1030 3816 1058 3864 in
1075 3816 1127 3864 den
1144 3819 1247 3868 nomin.
1267 3822 1308 3870 als

180 3891 344 3935 a·stammen
362 3899 437 3934 voor:
461 3885 604 3947 5551515155,
621 3885 746 3947 nuntiae,
765 3883 885 3944 notities,
903 3882 1049 3944 spurcities
1065 3907 1100 3915 -
1117 3878 1153 3932 61.
1178 3886 1308 3950 555155,
