2850 4409
647 140 702 197 135

311 341 365 380 eur
385 341 461 398 opus
481 323 629 395 adiectas,
650 324 821 396 ambitiose,
843 328 974 383 novum?

211 403 249 459 15
270 420 323 474 an,
342 403 422 478 quod
438 402 565 479 ubique,
583 406 719 462 tunmst?
737 411 788 462 tua
807 411 878 463 sunt
895 404 1052 464 Heliconia
1066 405 1193 482 Tempe,

310 482 363 539 vix
383 482 474 541 etiam
494 482 614 541 Phoebo
633 483 693 541 iam
713 484 780 557 lyra
800 490 865 542 tuta
886 487 1047 543 suast?...

271 580 340 620 oum
359 562 435 620 bene
456 563 588 621 sumexit
608 581 697 621 versu
719 581 794 621 nova
815 563 923 640 pagina
943 565 1052 640 primu,

311 647 445 700 attenuat
465 660 572 701 nervos
592 643 749 718 proximus
764 643 817 702 ille
838 662 928 702 meos.

271 739 327 780 nee
349 722 422 779 mihi
443 723 597 781 materiast
616 724 750 782 numeris
770 723 932 782 levioribus
952 729 1047 800 apta,

210 801 249 859 20
311 806 363 859 ant
382 820 472 878 puer,
493 809 546 860 aut
565 803 670 877 longas
690 809 808 878 compta
828 803 930 879 puella
949 804 1078 862 eomas''

271 886 396 957 questus
416 900 513 953 eram,
534 883 673 958 pharetra
693 901 763 941 oum
784 883 920 958 protinus
941 884 993 942 ille
1015 884 1112 942 solnta

310 960 384 1036 legit
404 961 435 1019 in
456 961 583 1020 exitium
604 963 720 1038 spicula
739 963 818 1021 faeta
838 981 939 1022 meum

270 1040 444 1117 lunavitqne
464 1059 544 1116 genn
565 1041 719 1100 sinuosum
740 1042 858 1102 fortiter
876 1061 993 1114 areum,

311 1121 428 1197 „quod”
450 1139 508 1198 qne
530 1139 651 1195 „eanas,
673 1128 771 1195 vates,
791 1122 913 1198 aeoipe''
936 1122 1014 1181 dixit
1034 1123 1164 1198 „opns!'’

211 1200 249 1257 25
270 1218 318 1258 me
338 1200 498 1259 miserum!
519 1207 617 1260 oertas
637 1202 742 1260 habuit
761 1220 838 1278 puer
857 1202 909 1261 ille
930 1203 1070 1277 sagittas:

310 1298 394 1352 uror,
416 1287 448 1339 et
466 1281 499 1339 in
521 1299 613 1340 vaeno
633 1286 754 1357 pectore
775 1289 881 1357 regnat
901 1284 1000 1341 Amor.

271 1377 324 1418 sex
345 1360 418 1419 mihi
440 1368 543 1435 surgat
563 1379 639 1436 opus
659 1362 807 1435 numeris,
828 1362 860 1420 in
881 1362 1013 1438 quinque
1035 1361 1162 1420 residat:

309 1441 405 1498 ferrea
425 1458 495 1499 oum
515 1441 625 1499 vestris
647 1442 724 1499 bella
746 1442 842 1500 valete
864 1442 969 1499 modis

270 1520 388 1594 cingere
409 1520 514 1579 litorea
534 1522 675 1579 flaventia
695 1528 829 1597 tempora
851 1528 964 1595 myrto,

211 1599 248 1656 30
308 1599 409 1672 Musa,
431 1619 485 1676 per
504 1601 641 1659 undenos
661 1601 859 1659 emodulanda
880 1602 982 1676 pedes

568 1994 668 2052 Amor.
690 1993 720 2066 I,
742 1995 769 2052 6.

546 2197 586 2237 ΑΙ)
617 2197 790 2236 ΙΑΝΙΤΟΒΕΜ.

268 2355 393 2431 Ianitor,
414 2357 587 2432 indignum!
610 2357 685 2414 dura
706 2358 831 2432 religate
851 2365 970 2429 eatena,

307 2436 461 2496 difficilem
482 2443 561 2495 moto
582 2437 703 2495 cardine
724 2438 822 2513 pande
842 2438 944 2496 iorem.

267 2516 346 2591 qnod
367 2535 486 2592 preeor,
508 2517 652 2592 exiguum
673 2523 729 2575 est.
750 2517 834 2575 aditu
854 2517 901 2575 iao
920 2517 1009 2575 ianua
1030 2534 1120 2592 parvo

306 2596 458 2673 obliquum
480 2597 577 2672 oapiat
598 2597 815 2672 semiadaperta
835 2597 922 2654 latus

231 2675 247 2730 5
267 2675 373 2751 longus
394 2695 476 2735 amor
496 2677 572 2735 tales
593 2695 702 2753 eorpus
723 2677 857 2735 tenuavit
877 2677 908 2734 in
929 2694 1018 2748 usus,

116 2824 267 2837 ——

117 2915 273 2981 hexameter,
295 2919 337 2968 die
359 2934 406 2967 een
425 2919 574 2983 stijgenden
591 2933 662 2983 gang
681 2919 768 2981 heeft,
791 2918 888 2983 terwijl
905 2920 938 2967 de
955 2922 1123 2981 pentameter
1140 2917 1226 2979 daalt,

117 2996 178 3031 naar
194 2984 236 3033 het
251 2985 371 3035 behende
388 2986 520 3034 distichon
536 3001 587 3033 van
605 2984 730 3035 Sohiiler:

256 3052 295 3101 [m
312 3052 474 3101 Hexameter
489 3053 570 3115 steigt
587 3053 633 3101 des
650 3052 833 3115 Springqueils
851 3052 959 3114 ssiissige
976 3050 1069 3113 Saule,

256 3120 294 3167 Im
313 3119 484 3167 Pentameter
500 3119 581 3167 draus
595 3120 656 3167 failt
672 3120 710 3167 sie
728 3118 872 3167 melodisch
891 3118 980 3167 hei-ab.

118 3176 151 3230 18.
168 3185 335 3244 proximus
353 3186 430 3248 ille,
449 3186 480 3233 de
498 3190 670 3248 pentameter.
684 3211 718 3218 —
733 3180 768 3234 19.
787 3184 855 3233 Voor
872 3199 938 3233 eene
954 3184 1066 3233 liohtere
1085 3187 1157 3232 maat
1174 3184 1226 3232 dan

117 3247 147 3295 de
168 3256 236 3300 maat
258 3267 308 3300 van
332 3252 379 3301 het
402 3252 574 3301 heldendieht
597 3252 649 3300 heb
672 3252 699 3300 ik
723 3266 791 3314 geen
814 3252 869 3300 stoi
873 3289 880 3313 ,
902 3252 930 3299 ih
953 3251 1005 3299 ben
1028 3251 1085 3299 niet
1101 3250 1226 3312 verliefd,

116 3315 205 3365 anders
232 3334 277 3367 zou
305 3320 338 3367 de
363 3318 494 3382 elegische
520 3324 593 3367 maat
618 3333 679 3366 voor
704 3318 836 3367 erotisehe
861 3318 948 3380 poezie
973 3318 1038 3381 goed
1065 3332 1167 3380 passen.
1193 3343 1227 3351 -

116 3375 159 3430 211.
176 3382 227 3433 Lat.
244 3385 286 3434 Gr.
305 3383 388 3446 §462
406 3411 439 3419 -
457 3381 503 3434 24.
522 3384 623 3448 Cupido
641 3390 712 3448 zegt,
730 3384 826 3448 terwiji
844 3384 880 3447 hij
900 3384 951 3432 den
969 3384 1072 3433 dichter
1089 3389 1145 3433 met
1159 3384 1226 3449 zijne

133 3446 191 3497 i‘len
214 3453 289 3500 trest:
316 3452 381 3500 daar
407 3451 472 3500 heht
497 3466 529 3514 ge
555 3452 610 3500 stoi
631 3466 675 3500 om
699 3458 726 3499 te
750 3452 851 3513 zingen.
875 3476 908 3484 -
931 3446 976 3501 27.
1002 3450 1045 3499 Zie
1068 3467 1105 3500 vs.
1128 3449 1169 3500 17.
1191 3473 1227 3484 —

152 3549 159 3562 .
179 3516 339 3567 litorea..
355 3523 480 3581 myrto,
503 3519 568 3566 daar
591 3518 623 3566 de
648 3517 843 3580 myrtenstruih
868 3517 888 3566 ’1
904 3518 976 3566 liefst
996 3518 1024 3565 in
1042 3518 1074 3566 de
1091 3517 1226 3581 nabijheid

117 3593 164 3628 van
179 3588 257 3632 water
273 3585 366 3648 groeit.
393 3585 431 3633 De
448 3590 522 3648 myrt
539 3599 592 3633 was
610 3598 662 3633 aan
679 3584 769 3633 Venus
786 3584 888 3648 gewijd.
905 3610 939 3617 -
956 3579 1001 3634 3⁰.
1025 3583 1133 3647 Musa,
1157 3585 1176 3633 ’t
1194 3584 1224 3648 zij

117 3645 240 3761 debMuze
265 3652 293 3699 in
320 3652 340 3699 ’1
362 3653 513 3714 algemeen,
541 3651 561 3699 ’1
583 3649 612 3714 zij
642 3652 735 3713 Erato,
762 3652 794 3699 de
821 3665 897 3699 muze
922 3651 969 3698 der
994 3651 1174 3713 minnepoezie
1198 3652 1225 3699 in

117 3710 136 3759 ’t
165 3713 283 3778 ijzonder.

148 3775 163 3827 Ι.
184 3782 327 3846 ianitor,
352 3784 384 3832 de
402 3784 513 3847 portien,
531 3784 581 3832 ook
599 3784 723 3832 ostiarius
740 3784 885 3847 genoemd,
903 3786 946 3846 lag
963 3797 1028 3831 naar
1044 3784 1096 3832 oud
1114 3783 1224 3846 gebruik

47 3875 52 3882 ·
118 3845 152 3893 ats
166 3861 211 3897 een
229 3850 300 3899 hond
318 3864 369 3898 aan
386 3851 418 3898 de
436 3851 489 3899 ket.
504 3875 538 3884 -
555 3851 749 3913 indignum,
767 3851 871 3911 uitroep
888 3864 939 3898 van
957 3849 1225 3910 verontwaardiging,
