2850 4409
636 173 689 229 lul

321 356 417 416 Eueni
438 357 543 433 patriis
564 357 625 415 filia
646 357 798 429 litoribus,

280 456 338 496 nee
360 438 526 512 Phrygium
547 437 622 496 falso
642 438 736 495 traxit
756 437 883 495 candore
904 437 1043 495 maritum

220 518 259 576 20
322 523 424 576 auecta
444 517 578 576 externis
598 517 808 594 Hyppodamia
829 517 916 587 rotiS,

282 598 335 656 sed
356 597 447 656 laoies
466 597 571 656 aderat
591 597 683 656 nullis
704 597 830 656 obnoxia
850 597 992 672 gemmiS,

322 678 419 754 quialis
439 677 575 754 Apelleis
595 685 642 736 est
662 678 744 736 color
763 677 795 735 in
815 677 933 736 tabulis

280 776 340 816 non
360 757 421 816 illis
442 758 576 817 studium
597 757 688 833 vulgo
708 757 883 834 oonquirere
904 763 1052 816 amantes:

321 838 381 896 illis
401 839 501 914 ampla
522 838 595 897 satis
615 839 711 896 forma
730 837 884 914 pudicitia.

221 918 260 975 25
280 936 339 976 non
360 936 415 994 ego
435 936 515 976 nune
536 936 651 992 vereor,
673 935 711 976 ne
733 918 789 976 sim
810 917 864 976 tibi
885 917 972 976 vilior
992 917 1075 975 istis:

321 998 372 1055 uni
394 998 479 1075 siqua
499 999 611 1074 planet,
633 999 713 1057 culta
734 998 835 1074 puella
857 1004 902 1055 sat
922 1005 983 1072 est;

279 1096 349 1136 eum
369 1078 423 1137 tibi
443 1077 619 1154 praesertim
641 1078 780 1137 Phoebus
802 1095 852 1135 sua
876 1078 1005 1135 earinina
1023 1077 1112 1136 donet

321 1158 505 1235 Aoniamque
525 1158 623 1217 libens
645 1158 795 1234 Calliopea
815 1158 928 1232 lpmam,

281 1238 368 1296 unioa
388 1256 443 1298 nee
464 1238 543 1297 desit
563 1238 700 1297 iocundis
720 1238 814 1313 gratia
837 1238 950 1310 verbis,

221 1314 260 1375 30
320 1318 417 1376 omnia
438 1336 574 1395 quaeque
597 1318 699 1377 Venus
720 1336 856 1394 quaeque
876 1318 1009 1376 Minerva
1027 1318 1139 1393 probat.

280 1397 327 1455 his
348 1406 382 1456 tu
404 1416 522 1474 semper
541 1398 601 1457 eris
622 1406 741 1456 nostrae
761 1398 1045 1471 gratissimarum,

320 1477 418 1536 taedia
439 1478 511 1536 dum
532 1478 658 1537 miserae
680 1478 740 1536 sint
760 1478 814 1536 tibi
836 1477 981 1536 luxuriae.

619 1905 649 1978 I,
671 1909 698 1965 7.

539 2114 601 2153 nau
629 2114 777 2155 rournms.

259 2270 336 2329 Ilum
358 2272 412 2329 tibi
435 2274 581 2333 Cadmeae
602 2275 759 2349 dicuutur,
780 2278 917 2348 Pontiae,
939 2278 1058 2338 Thebae

297 2370 438 2428 armaque
458 2354 605 2413 fraternae
627 2355 724 2414 tristia
746 2357 884 2426 militiae,

258 2439 362 2507 atque,
384 2431 426 2490 ita
447 2433 502 2491 sim
523 2434 613 2505 felix,
634 2436 730 2511 primo
751 2438 907 2496 contendis
929 2438 1073 2510 Homero,

297 2511 370 2587 (sint
391 2513 477 2571 modo
497 2515 558 2572 fata
579 2515 641 2573 tuis
663 2517 762 2574 mollia
783 2519 989 2592 carminibusl:

221 2592 324 2662 rinos,
347 2599 381 2649 ut
402 2611 597 2668 oonsuemm,
618 2602 735 2654 nostros
756 2598 904 2672 agitamus
924 2617 1040 2658 amores

295 2680 386 2748 atque
406 2673 520 2749 aliquid
542 2675 646 2733 duram
669 2678 841 2752 quaerimus
861 2678 891 2735 in
914 2680 1079 2750 dominam3

256 2770 310 2810 nee
331 2759 446 2810 tantum
468 2754 603 2828 ingenim
624 2765 769 2832 quantum
792 2758 903 2817 servire
925 2759 1016 2817 dolori

114 2879 256 2895 κ.

115 2950 157 3000 bad
177 2971 278 3022 vroeger
301 2976 345 3008 om
370 2962 433 3010 hare
458 2963 528 3011 hand
550 2964 701 3027 gedongen‚
726 2980 799 3013 ruaar
817 2967 847 3030 aij
868 2983 921 3015 ivus
939 2974 999 3016 toan
1018 2970 1044 3017 in
1064 2970 1135 3017 stilte
1154 2972 1216 3018 door

113 3015 163 3068 Idus
185 3028 350 3088 weggevoerd
377 3042 409 3090 op
435 3043 484 3077 een
508 3045 615 3093 wagan,
642 3032 703 3080 dien
727 3033 853 3082 Poseidon
878 3036 939 3082 hem
964 3037 1133 3096 geschonken
1156 3038 1215 3085 bad.

114 3082 191 3162 Apollo
213 3092 304 3142 hualde
328 3094 380 3142 den
403 3095 569 3160 uluchteling
592 3104 618 3145 te
638 3097 758 3147 Messene
775 3100 817 3162 in,
840 3116 912 3148 ivam·
928 3117 977 3150 een
996 3103 1069 3166 strijd
1089 3106 1215 3152 tussclren

114 3148 193 3204 beiden
217 3161 394 3223 ontbrandde‚
426 3163 487 3211 dien
513 3163 579 3212 Zeus
605 3164 670 3212 daed
697 3167 851 3228 ophoudem
879 3168 942 3216 door
967 3178 993 3217 te
1020 3170 1144 3231 bepalen,
1171 3171 1217 3220 dat

113 3215 228 3283 Marpessa
256 3228 308 3275 zell
332 3233 418 3277 moest
442 3229 534 3278 kiezen
560 3232 686 3280 tussehen
713 3234 745 3281 de
772 3239 839 3282 twee
865 3236 1056 3297 mededingers.
1090 3237 1123 3284 Zi'
1153 3239 1215 3286 koos

114 3284 194 3352 daurop
212 3292 275 3342 [das.
289 3291 372 3345 -Ιθ,
391 3295 857 3362 Phrygium..Hippodamia‚
876 3304 925 3364 vgl.
939 3301 995 3351 Cat.
1010 3303 1096 3364 LXIV,
1112 3253 1169 3354 ilo
1183 3331 1216 3339 —

114 3346 149 3401 ²2·
165 3357 326 3423 Apelleis,
345 3363 395 3423 vgl.
414 3362 463 3425 ΙΙΙ,
481 3361 511 3425 9,
528 3361 668 3414 ll.—28.
687 3366 899 3431 Aoniamque
916 3371 1040 3431 lyram,
1060 3372 1096 3418 zie
1115 3372 1151 3435 ΙΙ,
1170 3372 1214 3436 lo,

115 3431 142 3466 VS·
158 3421 178 3470 ⁸2.
192 3424 306 3501 ¹Calliope
325 3443 380 3477 was
394 3428 426 3476 de
440 3444 516 3478 mure
528 3446 579 3479 van
593 3431 639 3479 bet
650 3433 778 3494 (episehe)
792 3449 903 3497 gezang,
922 3438 954 3483 de
967 3438 1213 3500 sclroonstemmige.

140 3483 154 3536 Ι.
171 3490 329 3543 dicuntur
342 3510 372 3537 =
386 3501 528 3545 canuntur.
546 3523 579 3530 —
597 3498 751 3548 Pontice:
770 3501 907 3562 Ponticus,
925 3518 973 3551 een
992 3505 1080 3566 episclr
1098 3507 1214 3570 dichter,

114 3563 156 3602 was
175 3572 220 3607 een
243 3562 334 3609 rriend
358 3577 407 3610 van
433 3563 586 3625 Propertius
609 3579 641 3612 en
667 3564 782 3615 Ovidius.
809 3566 898 3616 Zooals
917 3571 957 3618 uit
974 3571 1036 3619 deze
1056 3588 1103 3619 rss.
1122 3573 1214 3637 blijkt,

114 3626 279 3689 venarruigde
293 3628 330 3691 hij
344 3643 410 3677 eene
422 3629 548 3692 Thebais,
561 3632 661 3680 waurin
674 3632 709 3696 hij
724 3633 756 3681 de
769 3649 831 3694 sape
843 3649 893 3682 van
907 3637 1026 3686 Eteocles
1035 3653 1066 3685 en
1078 3639 1214 3689 Polrnices

113 3681 265 3743 behandelde.
282 3695 334 3758 ·Hij
359 3695 457 3759 schijnt
481 3697 512 3745 de
534 3699 653 3759 elegiedn
677 3713 728 3747 van
752 3699 860 3749 Ouidius
879 3710 933 3751 met
949 3718 1016 3753 eene
1034 3694 1214 3756 zekere'min·

113 3752 203 3820 uhtiug
219 3765 245 3808 te
264 3761 367 3810 hebben
384 3762 556 3825 beschouwd;
576 3765 613 3813 zie
631 3781 666 3814 vs.
685 3765 725 3814 25.
739 3793 771 3800 —
784 3764 809 3817 3.
829 3768 877 3816 ita
895 3771 956 3818 sim
974 3772 1072 3833 felix,
1092 3774 1128 3820 zie
1144 3779 1214 3821 aaut.

113 3821 294 3899 Ollplssstl.
313 3830 471 3890 -primo
490 3845 520 3872 =
539 3832 660 3893 principe.
679 3828 755 3882 -6,
780 3836 977 3897 quaerimus
1000 3839 1046 3899 in,
1071 3854 1212 3900 ongereer:

112 3896 270 3952 excogitamus
288 3896 328 3943 de.
