<?xml version="1.0" encoding="UTF-8"?>
<!DOCTYPE html PUBLIC "-//W3C//DTD XHTML 1.0 Transitional//EN"
    "http://www.w3.org/TR/xhtml1/DTD/xhtml1-transitional.dtd">
<html xmlns="http://www.w3.org/1999/xhtml" xml:lang="en" lang="en">
 <head>
  <title>
</title>
<meta http-equiv="Content-Type" content="text/html;charset=utf-8" />
  <meta name='ocr-system' content='tesseract 3.04.00' />
  <meta name='ocr-capabilities' content='ocr_page ocr_carea ocr_par ocr_line ocrx_word'/>
</head>
<body>
  <div class='ocr_page' id='page_1' title='image "./sertaromanapoet00woltgoog_0012.png"; bbox 0 0 2850 4409; ppageno 0'>
   <div class='ocr_carea' id='block_1_1' title="bbox 180 410 1315 835">
    <p class='ocr_par' dir='ltr' id='par_1_1' title="bbox 180 410 1315 835">
     <span class='ocr_line' id='line_1_1' title="bbox 218 410 1314 477; baseline 0.004 -19"><span class='ocrx_word' id='word_1_1' title='bbox 218 410 288 460; x_wconf 87' lang='lat' dir='ltr'>Haeo</span> <span class='ocrx_word' id='word_1_2' title='bbox 304 411 388 457; x_wconf 85' lang='lat' dir='ltr'>altera</span> <span class='ocrx_word' id='word_1_3' title='bbox 405 410 486 460; x_wconf 91' lang='lat' dir='ltr'>editio</span> <span class='ocrx_word' id='word_1_4' title='bbox 503 410 536 459; x_wconf 91' lang='lat' dir='ltr'>ad</span> <span class='ocrx_word' id='word_1_5' title='bbox 551 410 665 472; x_wconf 91' lang='lat' dir='ltr'>optimas</span> <span class='ocrx_word' id='word_1_6' title='bbox 676 410 804 459; x_wconf 85' lang='lat' dir='ltr'>editiones</span> <span class='ocrx_word' id='word_1_7' title='bbox 816 411 886 459; x_wconf 87' lang='lat' dir='ltr'>inter</span> <span class='ocrx_word' id='word_1_8' title='bbox 898 426 965 474; x_wconf 85' lang='lat' dir='ltr'>quas</span> <span class='ocrx_word' id='word_1_9' title='bbox 980 413 1085 461; x_wconf 82' lang='lat' dir='ltr'>honoris</span> <span class='ocrx_word' id='word_1_10' title='bbox 1098 427 1177 462; x_wconf 88' lang='lat' dir='ltr'>causa</span> <span class='ocrx_word' id='word_1_11' title='bbox 1191 413 1314 477; x_wconf 82' lang='lat' dir='ltr'>llriegeri</span> 
     </span>
     <span class='ocr_line' id='line_1_2' title="bbox 183 531 1315 599; baseline 0.004 -19"><span class='ocrx_word' id='word_1_12' title='bbox 183 532 335 581; x_wconf 87' lang='lat' dir='ltr'>Lucretium</span> <span class='ocrx_word' id='word_1_13' title='bbox 355 536 382 580; x_wconf 90' lang='lat' dir='ltr'>et</span> <span class='ocrx_word' id='word_1_14' title='bbox 400 532 594 581; x_wconf 87' lang='lat' dir='ltr'>Friedlaenderi</span> <span class='ocrx_word' id='word_1_15' title='bbox 612 531 761 581; x_wconf 79' lang='lat' dir='ltr'>Martialem</span> <span class='ocrx_word' id='word_1_16' title='bbox 779 539 802 580; x_wconf 86' lang='lat' dir='ltr'>et</span> <span class='ocrx_word' id='word_1_17' title='bbox 820 532 973 582; x_wconf 82' lang='lat' dir='ltr'>quenalem</span> <span class='ocrx_word' id='word_1_18' title='bbox 988 534 1104 583; x_wconf 86' lang='lat' dir='ltr'>hocloco</span> <span class='ocrx_word' id='word_1_19' title='bbox 1117 549 1315 599; x_wconf 88' lang='lat' dir='ltr'>commemoro,</span> 
     </span>
     <span class='ocr_line' id='line_1_3' title="bbox 181 651 1314 718; baseline 0.004 -18"><span class='ocrx_word' id='word_1_20' title='bbox 181 656 224 700; x_wconf 85' lang='lat' dir='ltr'>est</span> <span class='ocrx_word' id='word_1_21' title='bbox 247 652 396 701; x_wconf 89' lang='lat' dir='ltr'>emendata.</span> <span class='ocrx_word' id='word_1_22' title='bbox 423 651 614 715; x_wconf 75' lang='lat' dir='ltr'>Fragmentum</span> <span class='ocrx_word' id='word_1_23' title='bbox 639 654 755 715; x_wconf 86' lang='lat' dir='ltr'>primum</span> <span class='ocrx_word' id='word_1_24' title='bbox 772 653 843 709; x_wconf 78' lang='lat' dir='ltr'>cuod</span> <span class='ocrx_word' id='word_1_25' title='bbox 861 668 892 702; x_wconf 84' lang='lat' dir='ltr'>ex</span> <span class='ocrx_word' id='word_1_26' title='bbox 912 654 1017 703; x_wconf 85' lang='lat' dir='ltr'>Lucano</span> <span class='ocrx_word' id='word_1_27' title='bbox 1035 655 1103 718; x_wconf 82' lang='lat' dir='ltr'>elegi</span> <span class='ocrx_word' id='word_1_28' title='bbox 1120 656 1248 705; x_wconf 90' lang='lat' dir='ltr'>collatum</span> <span class='ocrx_word' id='word_1_29' title='bbox 1267 661 1314 705; x_wconf 87' lang='lat' dir='ltr'>est</span> 
     </span>
     <span class='ocr_line' id='line_1_4' title="bbox 180 772 1313 835; baseline 0.005 -15"><span class='ocrx_word' id='word_1_30' title='bbox 180 787 245 821; x_wconf 88' lang='lat' dir='ltr'>cum</span> <span class='ocrx_word' id='word_1_31' title='bbox 268 772 384 821; x_wconf 82' lang='lat' dir='ltr'>editione</span> <span class='ocrx_word' id='word_1_32' title='bbox 407 787 487 835; x_wconf 87' lang='lat' dir='ltr'>qnam</span> <span class='ocrx_word' id='word_1_33' title='bbox 513 788 572 822; x_wconf 82' lang='lat' dir='ltr'>mox</span> <span class='ocrx_word' id='word_1_34' title='bbox 596 774 623 822; x_wconf 90' lang='lat' dir='ltr'>in</span> <span class='ocrx_word' id='word_1_35' title='bbox 649 774 736 822; x_wconf 87' lang='lat' dir='ltr'>lucem</span> <span class='ocrx_word' id='word_1_36' title='bbox 760 779 801 823; x_wconf 90' lang='lat' dir='ltr'>est</span> <span class='ocrx_word' id='word_1_37' title='bbox 823 775 972 823; x_wconf 86' lang='lat' dir='ltr'>emissurus</span> <span class='ocrx_word' id='word_1_38' title='bbox 991 776 1029 824; x_wconf 80' lang='lat' dir='ltr'>vir</span> <span class='ocrx_word' id='word_1_39' title='bbox 1046 776 1208 824; x_wconf 82' lang='lat' dir='ltr'>clarissimus</span> <span class='ocrx_word' id='word_1_40' title='bbox 1226 774 1254 824; x_wconf 85' lang='lat' dir='ltr'>C.</span> <span class='ocrx_word' id='word_1_41' title='bbox 1274 776 1313 826; x_wconf 87' lang='lat' dir='ltr'>M.</span> 
     </span>
    </p>
   </div>
   <div class='ocr_carea' id='block_1_2' title="bbox 183 892 1311 958">
    <p class='ocr_par' dir='ltr' id='par_1_2' title="bbox 183 892 1311 958">
     <span class='ocr_line' id='line_1_5' title="bbox 183 892 1311 958; baseline 0.003 -17"><span class='ocrx_word' id='word_1_42' title='bbox 183 892 335 956; x_wconf 78' lang='lat' dir='ltr'>Francken,</span> <span class='ocrx_word' id='word_1_43' title='bbox 359 894 405 957; x_wconf 93' lang='lat' dir='ltr'>qui</span> <span class='ocrx_word' id='word_1_44' title='bbox 429 908 484 957; x_wconf 88' lang='lat' dir='ltr'>qua</span> <span class='ocrx_word' id='word_1_45' title='bbox 503 899 544 942; x_wconf 90' lang='lat' dir='ltr'>est</span> <span class='ocrx_word' id='word_1_46' title='bbox 560 894 744 943; x_wconf 80' lang='lat' dir='ltr'>benevolentia</span> <span class='ocrx_word' id='word_1_47' title='bbox 762 900 843 958; x_wconf 89' lang='lat' dir='ltr'>atque</span> <span class='ocrx_word' id='word_1_48' title='bbox 862 895 1044 957; x_wconf 71' lang='lat' dir='ltr'>humanitate,</span> <span class='ocrx_word' id='word_1_49' title='bbox 1069 893 1174 958; x_wconf 81' lang='lat' dir='ltr'>plagam</span> <span class='ocrx_word' id='word_1_50' title='bbox 1193 898 1311 958; x_wconf 80' lang='lat' dir='ltr'>primam</span> 
     </span>
    </p>
   </div>
   <div class='ocr_carea' id='block_1_3' title="bbox 181 991 1311 1079">
    <p class='ocr_par' dir='ltr' id='par_1_3' title="bbox 181 991 1311 1079">
     <span class='ocr_line' id='line_1_6' title="bbox 181 991 1311 1079; baseline 0.002 -17"><span class='ocrx_word' id='word_1_51' title='bbox 181 991 372 1076; x_wconf 79' lang='lat' dir='ltr'>inspiciendam</span> <span class='ocrx_word' id='word_1_52' title='bbox 399 1015 464 1063; x_wconf 90' lang='lat' dir='ltr'>mibi</span> <span class='ocrx_word' id='word_1_53' title='bbox 488 1015 560 1064; x_wconf 87' lang='lat' dir='ltr'>misit</span> <span class='ocrx_word' id='word_1_54' title='bbox 583 1021 611 1065; x_wconf 92' lang='lat' dir='ltr'>et</span> <span class='ocrx_word' id='word_1_55' title='bbox 633 1017 861 1079; x_wconf 77' lang='lat' dir='ltr'>emendationem,</span> <span class='ocrx_word' id='word_1_56' title='bbox 886 1016 918 1064; x_wconf 88' lang='lat' dir='ltr'>de</span> <span class='ocrx_word' id='word_1_57' title='bbox 935 1029 990 1078; x_wconf 88' lang='lat' dir='ltr'>qna</span> <span class='ocrx_word' id='word_1_58' title='bbox 1009 1029 1066 1078; x_wconf 85' lang='lat' dir='ltr'>pag.</span> <span class='ocrx_word' id='word_1_59' title='bbox 1085 1013 1134 1062; x_wconf 75' lang='lat' dir='ltr'>ala</span> <span class='ocrx_word' id='word_1_60' title='bbox 1152 1015 1182 1063; x_wconf 89' lang='lat' dir='ltr'>ad</span> <span class='ocrx_word' id='word_1_61' title='bbox 1203 1031 1239 1064; x_wconf 86' lang='lat' dir='ltr'>vs.</span> <span class='ocrx_word' id='word_1_62' title='bbox 1258 1014 1311 1064; x_wconf 75' lang='lat'>627</span> 
     </span>
    </p>
   </div>
   <div class='ocr_carea' id='block_1_4' title="bbox 181 1134 1311 2392">
    <p class='ocr_par' dir='ltr' id='par_1_4' title="bbox 181 1134 1311 1306">
     <span class='ocr_line' id='line_1_7' title="bbox 181 1134 1311 1197; baseline 0.001 -14"><span class='ocrx_word' id='word_1_63' title='bbox 181 1134 287 1197; x_wconf 78' lang='lat' dir='ltr'>scripsi,</span> <span class='ocrx_word' id='word_1_64' title='bbox 305 1149 351 1197; x_wconf 87' lang='lat' dir='ltr'>per</span> <span class='ocrx_word' id='word_1_65' title='bbox 368 1135 510 1197; x_wconf 86' lang='lat' dir='ltr'>epistulam</span> <span class='ocrx_word' id='word_1_66' title='bbox 529 1150 634 1185; x_wconf 87' lang='lat' dir='ltr'>mecum</span> <span class='ocrx_word' id='word_1_67' title='bbox 649 1136 862 1185; x_wconf 83' lang='lat' dir='ltr'>communicavit.</span> <span class='ocrx_word' id='word_1_68' title='bbox 882 1134 940 1183; x_wconf 93' lang='lat' dir='ltr'>Non</span> <span class='ocrx_word' id='word_1_69' title='bbox 957 1135 1043 1182; x_wconf 86' lang='lat' dir='ltr'>nullos</span> <span class='ocrx_word' id='word_1_70' title='bbox 1058 1134 1127 1183; x_wconf 88' lang='lat' dir='ltr'>locos</span> <span class='ocrx_word' id='word_1_71' title='bbox 1142 1135 1197 1197; x_wconf 86' lang='lat' dir='ltr'>ipse</span> <span class='ocrx_word' id='word_1_72' title='bbox 1213 1150 1311 1185; x_wconf 83' lang='lat' dir='ltr'>sanare</span> 
     </span>
     <span class='ocr_line' id='line_1_8' title="bbox 181 1260 381 1306; baseline 0.005 -1"><span class='ocrx_word' id='word_1_73' title='bbox 181 1260 294 1306; x_wconf 87' lang='lat' dir='ltr'>conatus</span> <span class='ocrx_word' id='word_1_74' title='bbox 312 1271 381 1306; x_wconf 89' lang='lat' dir='ltr'>sum.</span> 
     </span>
    </p>

    <p class='ocr_par' dir='ltr' id='par_1_5' title="bbox 183 1375 1310 1561">
     <span class='ocr_line' id='line_1_9' title="bbox 218 1375 1310 1441; baseline -0.002 -15"><span class='ocrx_word' id='word_1_75' title='bbox 218 1378 304 1426; x_wconf 85' lang='lat' dir='ltr'>Pauca</span> <span class='ocrx_word' id='word_1_76' title='bbox 321 1378 438 1427; x_wconf 90' lang='lat' dir='ltr'>carmina</span> <span class='ocrx_word' id='word_1_77' title='bbox 455 1378 534 1441; x_wconf 84' lang='lat' dir='ltr'>eieci,</span> <span class='ocrx_word' id='word_1_78' title='bbox 552 1392 621 1441; x_wconf 90' lang='lat' dir='ltr'>quae</span> <span class='ocrx_word' id='word_1_79' title='bbox 639 1378 690 1426; x_wconf 85' lang='lat' dir='ltr'>ulia</span> <span class='ocrx_word' id='word_1_80' title='bbox 708 1377 788 1425; x_wconf 86' lang='lat' dir='ltr'>aliam</span> <span class='ocrx_word' id='word_1_81' title='bbox 806 1377 839 1425; x_wconf 93' lang='lat' dir='ltr'>ob</span> <span class='ocrx_word' id='word_1_82' title='bbox 856 1390 963 1425; x_wconf 84' lang='lat' dir='ltr'>causam</span> <span class='ocrx_word' id='word_1_83' title='bbox 984 1391 1055 1425; x_wconf 90' lang='lat' dir='ltr'>nunc</span> <span class='ocrx_word' id='word_1_84' title='bbox 1069 1376 1159 1425; x_wconf 90' lang='lat' dir='ltr'>minus</span> <span class='ocrx_word' id='word_1_85' title='bbox 1171 1375 1310 1439; x_wconf 88' lang='lat' dir='ltr'>probanda</span> 
     </span>
     <span class='ocr_line' id='line_1_10' title="bbox 183 1499 618 1561; baseline 0 -14"><span class='ocrx_word' id='word_1_86' title='bbox 183 1499 250 1547; x_wconf 82' lang='lat' dir='ltr'>milli</span> <span class='ocrx_word' id='word_1_87' title='bbox 267 1499 438 1561; x_wconf 83' lang='lat' dir='ltr'>ridebantur,</span> <span class='ocrx_word' id='word_1_88' title='bbox 457 1500 509 1548; x_wconf 88' lang='lat' dir='ltr'>alia</span> <span class='ocrx_word' id='word_1_89' title='bbox 526 1499 618 1547; x_wconf 82' lang='lat' dir='ltr'>adieci.</span> 
     </span>
    </p>

    <p class='ocr_par' dir='ltr' id='par_1_6' title="bbox 181 1617 1311 2392">
     <span class='ocr_line' id='line_1_11' title="bbox 218 1617 1308 1682; baseline 0.002 -15"><span class='ocrx_word' id='word_1_90' title='bbox 218 1617 360 1668; x_wconf 84' lang='lat' dir='ltr'>Maximam</span> <span class='ocrx_word' id='word_1_91' title='bbox 386 1635 448 1669; x_wconf 80' lang='lat' dir='ltr'>vero</span> <span class='ocrx_word' id='word_1_92' title='bbox 473 1634 565 1668; x_wconf 86' lang='lat' dir='ltr'>curam</span> <span class='ocrx_word' id='word_1_93' title='bbox 590 1626 618 1667; x_wconf 93' lang='lat' dir='ltr'>et</span> <span class='ocrx_word' id='word_1_94' title='bbox 641 1619 758 1667; x_wconf 91' lang='lat' dir='ltr'>laborem</span> <span class='ocrx_word' id='word_1_95' title='bbox 783 1618 854 1667; x_wconf 89' lang='lat' dir='ltr'>haud</span> <span class='ocrx_word' id='word_1_96' title='bbox 878 1618 1005 1682; x_wconf 79' lang='lat' dir='ltr'>exiguum</span> <span class='ocrx_word' id='word_1_97' title='bbox 1029 1619 1093 1669; x_wconf 89' lang='lat' dir='ltr'>locis</span> <span class='ocrx_word' id='word_1_98' title='bbox 1116 1618 1308 1669; x_wconf 83' lang='lat' dir='ltr'>difficilioribus</span> 
     </span>
     <span class='ocr_line' id='line_1_12' title="bbox 181 1716 1309 1802; baseline 0.004 -16"><span class='ocrx_word' id='word_1_99' title='bbox 181 1716 344 1800; x_wconf 76' lang='lat' dir='ltr'>explicandis</span> <span class='ocrx_word' id='word_1_100' title='bbox 362 1745 390 1787; x_wconf 90' lang='lat' dir='ltr'>et</span> <span class='ocrx_word' id='word_1_101' title='bbox 406 1739 570 1788; x_wconf 87' lang='lat' dir='ltr'>illustrandis</span> <span class='ocrx_word' id='word_1_102' title='bbox 586 1739 718 1801; x_wconf 88' lang='lat' dir='ltr'>impendi,</span> <span class='ocrx_word' id='word_1_103' title='bbox 736 1753 790 1802; x_wconf 89' lang='lat' dir='ltr'>quo</span> <span class='ocrx_word' id='word_1_104' title='bbox 804 1739 905 1788; x_wconf 82' lang='lat' dir='ltr'>factum</span> <span class='ocrx_word' id='word_1_105' title='bbox 919 1745 961 1788; x_wconf 85' lang='lat' dir='ltr'>est</span> <span class='ocrx_word' id='word_1_106' title='bbox 973 1744 1004 1788; x_wconf 86' lang='lat' dir='ltr'>ut</span> <span class='ocrx_word' id='word_1_107' title='bbox 1016 1754 1144 1789; x_wconf 85' lang='lat' dir='ltr'>numerus</span> <span class='ocrx_word' id='word_1_108' title='bbox 1157 1741 1309 1791; x_wconf 91' lang='lat' dir='ltr'>adnotatio-</span> 
     </span>
     <span class='ocr_line' id='line_1_13' title="bbox 184 1857 1311 1923; baseline 0.005 -19"><span class='ocrx_word' id='word_1_109' title='bbox 184 1872 251 1906; x_wconf 92' lang='lat' dir='ltr'>num</span> <span class='ocrx_word' id='word_1_110' title='bbox 275 1858 350 1907; x_wconf 85' lang='lat' dir='ltr'>valde</span> <span class='ocrx_word' id='word_1_111' title='bbox 371 1859 405 1907; x_wconf 91' lang='lat' dir='ltr'>sit</span> <span class='ocrx_word' id='word_1_112' title='bbox 422 1863 531 1921; x_wconf 78' lang='lat' dir='ltr'>noctua,</span> <span class='ocrx_word' id='word_1_113' title='bbox 555 1857 581 1906; x_wconf 92' lang='lat' dir='ltr'>id</span> <span class='ocrx_word' id='word_1_114' title='bbox 599 1859 683 1921; x_wconf 87' lang='lat' dir='ltr'>quod,</span> <span class='ocrx_word' id='word_1_115' title='bbox 709 1859 760 1907; x_wconf 90' lang='lat' dir='ltr'>nisi</span> <span class='ocrx_word' id='word_1_116' title='bbox 777 1859 866 1908; x_wconf 87' lang='lat' dir='ltr'>omnia</span> <span class='ocrx_word' id='word_1_117' title='bbox 884 1873 926 1907; x_wconf 93' lang='lat' dir='ltr'>me</span> <span class='ocrx_word' id='word_1_118' title='bbox 945 1859 1058 1921; x_wconf 86' lang='lat' dir='ltr'>fallunt,</span> <span class='ocrx_word' id='word_1_119' title='bbox 1082 1874 1169 1923; x_wconf 89' lang='lat' dir='ltr'>neque</span> <span class='ocrx_word' id='word_1_120' title='bbox 1188 1860 1311 1911; x_wconf 87' lang='lat' dir='ltr'>doctores</span> 
     </span>
     <span class='ocr_line' id='line_1_14' title="bbox 183 1978 1311 2044; baseline 0.001 -15"><span class='ocrx_word' id='word_1_121' title='bbox 183 1995 272 2043; x_wconf 89' lang='lat' dir='ltr'>neque</span> <span class='ocrx_word' id='word_1_122' title='bbox 287 1980 407 2043; x_wconf 91' lang='lat' dir='ltr'>discipuli</span> <span class='ocrx_word' id='word_1_123' title='bbox 422 1978 617 2041; x_wconf 86' lang='lat' dir='ltr'>improbabunt.</span> <span class='ocrx_word' id='word_1_124' title='bbox 636 1978 711 2028; x_wconf 88' lang='lat' dir='ltr'>Hisce</span> <span class='ocrx_word' id='word_1_125' title='bbox 727 1981 883 2042; x_wconf 83' lang='lat' dir='ltr'>praesertim</span> <span class='ocrx_word' id='word_1_126' title='bbox 898 1981 1062 2043; x_wconf 88' lang='lat' dir='ltr'>temporibus</span> <span class='ocrx_word' id='word_1_127' title='bbox 1073 1980 1197 2030; x_wconf 90' lang='lat' dir='ltr'>omnibus</span> <span class='ocrx_word' id='word_1_128' title='bbox 1209 1981 1311 2044; x_wconf 90' lang='lat' dir='ltr'>quibus</span> 
     </span>
     <span class='ocr_line' id='line_1_15' title="bbox 181 2099 1311 2165; baseline 0 -15"><span class='ocrx_word' id='word_1_129' title='bbox 181 2101 303 2150; x_wconf 89' lang='lat' dir='ltr'>studium</span> <span class='ocrx_word' id='word_1_130' title='bbox 321 2099 489 2164; x_wconf 86' lang='lat' dir='ltr'>antiquitatis</span> <span class='ocrx_word' id='word_1_131' title='bbox 506 2100 578 2149; x_wconf 92' lang='lat' dir='ltr'>cordi</span> <span class='ocrx_word' id='word_1_132' title='bbox 596 2105 637 2150; x_wconf 89' lang='lat' dir='ltr'>est</span> <span class='ocrx_word' id='word_1_133' title='bbox 655 2100 704 2149; x_wconf 91' lang='lat' dir='ltr'>hoc</span> <span class='ocrx_word' id='word_1_134' title='bbox 722 2116 890 2165; x_wconf 88' lang='lat' dir='ltr'>summopere</span> <span class='ocrx_word' id='word_1_135' title='bbox 908 2102 1041 2165; x_wconf 81' lang='lat' dir='ltr'>agendum</span> <span class='ocrx_word' id='word_1_136' title='bbox 1062 2116 1118 2150; x_wconf 90' lang='lat' dir='ltr'>esse</span> <span class='ocrx_word' id='word_1_137' title='bbox 1135 2101 1259 2163; x_wconf 77' lang='lat' dir='ltr'>arbitror,</span> <span class='ocrx_word' id='word_1_138' title='bbox 1279 2107 1311 2151; x_wconf 94' lang='lat' dir='ltr'>ut</span> 
     </span>
     <span class='ocr_line' id='line_1_16' title="bbox 182 2221 1308 2285; baseline 0.003 -16"><span class='ocrx_word' id='word_1_139' title='bbox 182 2222 281 2284; x_wconf 87' lang='lat' dir='ltr'>scripta</span> <span class='ocrx_word' id='word_1_140' title='bbox 297 2222 468 2285; x_wconf 88' lang='lat' dir='ltr'>antiquorum</span> <span class='ocrx_word' id='word_1_141' title='bbox 483 2222 555 2271; x_wconf 91' lang='lat' dir='ltr'>omni</span> <span class='ocrx_word' id='word_1_142' title='bbox 568 2222 670 2271; x_wconf 85' lang='lat' dir='ltr'>ratione</span> <span class='ocrx_word' id='word_1_143' title='bbox 683 2222 794 2285; x_wconf 88' lang='lat' dir='ltr'>probent</span> <span class='ocrx_word' id='word_1_144' title='bbox 805 2222 940 2271; x_wconf 89' lang='lat' dir='ltr'>iuventuti</span> <span class='ocrx_word' id='word_1_145' title='bbox 951 2221 1206 2285; x_wconf 70' lang='lat' dir='ltr'>commendentoue,</span> <span class='ocrx_word' id='word_1_146' title='bbox 1225 2237 1308 2284; x_wconf 87' lang='lat' dir='ltr'>quam</span> 
     </span>
     <span class='ocr_line' id='line_1_17' title="bbox 182 2341 1308 2392; baseline 0.001 -1"><span class='ocrx_word' id='word_1_147' title='bbox 182 2342 217 2391; x_wconf 93' lang='lat' dir='ltr'>ob</span> <span class='ocrx_word' id='word_1_148' title='bbox 234 2356 342 2391; x_wconf 90' lang='lat' dir='ltr'>causam</span> <span class='ocrx_word' id='word_1_149' title='bbox 361 2341 454 2391; x_wconf 89' lang='lat' dir='ltr'>Latino</span> <span class='ocrx_word' id='word_1_150' title='bbox 471 2356 593 2391; x_wconf 85' lang='lat' dir='ltr'>sermone</span> <span class='ocrx_word' id='word_1_151' title='bbox 611 2343 651 2391; x_wconf 90' lang='lat' dir='ltr'>uti</span> <span class='ocrx_word' id='word_1_152' title='bbox 668 2342 695 2391; x_wconf 91' lang='lat' dir='ltr'>in</span> <span class='ocrx_word' id='word_1_153' title='bbox 714 2341 929 2391; x_wconf 90' lang='lat' dir='ltr'>adnotationibus</span> <span class='ocrx_word' id='word_1_154' title='bbox 944 2342 1089 2391; x_wconf 86' lang='lat' dir='ltr'>scribendis</span> <span class='ocrx_word' id='word_1_155' title='bbox 1101 2356 1154 2390; x_wconf 92' lang='lat' dir='ltr'>non</span> <span class='ocrx_word' id='word_1_156' title='bbox 1168 2341 1308 2392; x_wconf 85' lang='lat' dir='ltr'>audebam.</span> 
     </span>
    </p>
   </div>
   <div class='ocr_carea' id='block_1_5' title="bbox 184 2462 587 2525">
    <p class='ocr_par' dir='ltr' id='par_1_7' title="bbox 184 2462 587 2525">
     <span class='ocr_line' id='line_1_18' title="bbox 184 2462 587 2525; baseline -0.002 -14"><span class='ocrx_word' id='word_1_157' title='bbox 184 2462 300 2513; x_wconf 87' lang='lat' dir='ltr'>Iudicem</span> <span class='ocrx_word' id='word_1_158' title='bbox 319 2462 402 2512; x_wconf 83' lang='lat' dir='ltr'>adieci</span> <span class='ocrx_word' id='word_1_159' title='bbox 420 2464 587 2525; x_wconf 88' lang='lat' dir='ltr'>locupletem.</span> 
     </span>
    </p>
   </div>
   <div class='ocr_carea' id='block_1_6' title="bbox 218 2661 1273 2725">
    <p class='ocr_par' dir='ltr' id='par_1_8' title="bbox 218 2661 1273 2725">
     <span class='ocr_line' id='line_1_19' title="bbox 218 2661 1273 2725; baseline 0 -13"><span class='ocrx_word' id='word_1_160' title='bbox 218 2662 428 2725; x_wconf 77' lang='lat' dir='ltr'>Aarsratonanl,</span> <span class='ocrx_word' id='word_1_161' title='bbox 446 2677 537 2711; x_wconf 89' lang='lat' dir='ltr'>mense</span> <span class='ocrx_word' id='word_1_162' title='bbox 556 2662 628 2712; x_wconf 89' lang='lat' dir='ltr'>Febr.</span> <span class='ocrx_word' id='word_1_163' title='bbox 649 2676 672 2711; x_wconf 90' lang='lat' dir='ltr'>a.</span> <span class='ocrx_word' id='word_1_164' title='bbox 691 2661 765 2711; x_wconf 80' lang='grc'>1896.</span> <span class='ocrx_word' id='word_1_165' title='bbox 1068 2663 1089 2712; x_wconf 82' lang='lat' dir='ltr'>J.</span> <span class='ocrx_word' id='word_1_166' title='bbox 1109 2661 1273 2713; x_wconf 84' lang='lat' dir='ltr'>WOLTJER.</span> 
     </span>
    </p>
   </div>
   <div class='ocr_carea' id='block_1_7' title="bbox 0 0 1430 4409">
    <p class='ocr_par' dir='ltr' id='par_1_9' title="bbox 0 0 1430 4409">
     <span class='ocr_line' id='line_1_20' title="bbox 0 0 1430 4409; baseline 0 0"><span class='ocrx_word' id='word_1_167' title='bbox 0 0 1430 4409; x_wconf 95' lang='lat' dir='ltr'> </span> 
     </span>
    </p>
   </div>
  </div>
 </body>
</html>
