2850 4409
643 148 698 205 133

266 337 358 407 atque
379 331 430 390 ubi
451 337 565 390 secreto
585 337 687 390 nostra
706 332 745 389 ad
767 332 925 390 simulacra
945 332 1092 409 loqueris,

309 416 343 469 ut
363 428 560 487 responsurae
581 410 698 486 singula
720 413 809 470 verba
829 412 901 470 iace.

203 493 246 549 85
269 508 324 549 seu
344 497 443 549 tamen
463 491 623 549 adversum
644 491 768 550 mutarit
787 491 875 549 ianua
896 492 1022 565 lectum,

311 570 422 630 sederit
442 576 474 630 et
493 576 595 630 nostro
616 578 704 629 canta
725 589 852 630 noverca
871 579 950 642 toro,

271 650 457 725 coniugium,
479 651 580 726 pueri,
600 651 677 709 ferte
697 659 729 709 et
748 651 868 710 laudate
889 657 1061 726 paternum:

310 738 395 806 capta
416 730 498 789 dabit
518 731 628 789 vestris
649 730 781 790 moribus
801 731 854 788 illa
875 748 988 789 manus.

253 827 326 868 nec
349 815 473 869 matrem
493 810 613 869 laudate
634 809 740 869 nimis:
762 811 878 870 conlata
898 810 990 886 priori

207 891 249 947 90
311 895 407 948 vertet
426 890 458 948 in
479 892 607 949 offensas
627 890 721 949 libera
741 892 831 949 verba
851 908 929 948 snas.

272 987 324 1027 sen
345 988 458 1028 memor
476 971 529 1029 ille
550 987 616 1029 mea
636 976 794 1030 contentus
816 970 957 1029 manserit
977 971 1081 1028 umbra

311 1055 342 1107 et
361 1050 436 1108 tanti
458 1050 573 1109 cineres
594 1050 717 1108 duxerit
737 1067 803 1110 esse
825 1068 921 1123 meos,

272 1128 377 1187 discite
398 1136 554 1189 venturam
574 1129 634 1188 iam
655 1148 735 1188 nunc
756 1130 849 1189 lenire
871 1136 1037 1202 senectam,

311 1210 431 1269 caelibis
451 1210 490 1267 ad
510 1227 597 1268 curas
618 1228 674 1268 nec
694 1218 780 1268 vacet
799 1210 861 1268 nlla
883 1209 938 1268 ria.

211 1289 251 1346 95
273 1289 352 1364 quod
373 1288 447 1346 mihi
468 1290 679 1361 detractumst,
700 1297 816 1348 vestros
836 1290 958 1348 accedat
978 1289 1016 1347 ad
1037 1305 1145 1347 annos:

311 1369 394 1444 prole
416 1387 481 1427 mea
501 1369 628 1427 Paulum
651 1369 695 1427 sic
717 1369 800 1428 iuvet
820 1387 887 1428 esse
909 1387 1020 1428 senem.

271 1455 302 1506 et
322 1449 396 1507 bene
417 1450 520 1521 habet,
541 1467 704 1525 numquam
726 1454 820 1508 mater
840 1448 978 1524 lugubria
999 1448 1129 1525 sumpsi:

310 1527 393 1586 venit
414 1528 444 1586 in
466 1528 626 1605 exsequias
647 1536 709 1586 tcta
729 1539 847 1588 caterva
869 1546 957 1587 meae.

272 1625 360 1666 causa
380 1615 515 1683 perorata
536 1615 590 1667 est.
611 1608 719 1667 flentes
741 1626 787 1667 me
809 1610 937 1684 surgite,
959 1614 1066 1680 testes,

194 1687 251 1744 100
312 1688 383 1745 dum
404 1688 535 1764 pretium
556 1688 635 1747 vitae
656 1695 740 1763 grata
762 1690 899 1764 rependit
920 1690 1038 1747 humus.

271 1768 403 1826 moribus
423 1774 454 1827 et
474 1769 590 1827 caelum
611 1769 724 1844 patuit:
747 1767 802 1827 sim
824 1768 915 1844 digna
935 1768 1091 1840 merenda,

311 1848 397 1906 cuins
418 1849 569 1906 honoratis
591 1866 658 1907 ossa
678 1850 826 1907 vehantur
845 1848 918 1906 avis.

118 1996 273 2008 —.—

117 2080 163 2134 85.
187 2086 359 2137 adversum
382 2090 524 2151 lectum,
548 2089 755 2153 huwetiJhsbed,
775 2095 846 2138 want
863 2104 898 2138 na
915 2091 946 2137 de
964 2089 1074 2138 bruilcft
1091 2088 1168 2137 stond
1187 2089 1234 2136 het

28 2183 29 2196 2
118 2150 168 2199 bed
190 2157 329 2216 tegencver
351 2155 383 2202 de
407 2156 485 2218 deur;
509 2156 544 2220 bij
569 2170 618 2205 een
642 2156 744 2205 tweede
770 2156 895 2219 huwelijh
917 2156 986 2204 werd
1006 2156 1051 2203 het
1068 2155 1156 2203 weder
1172 2169 1232 2202 ver-

119 2219 219 2280 plaatst.
235 2246 268 2253 —
285 2216 330 2272 86.
355 2226 469 2283 cauta,
487 2224 572 2271 zooals
590 2237 656 2272 eene
673 2223 843 2271 stiefrnoeder
860 2224 886 2271 in
904 2222 924 2270 't
941 2222 1021 2284 begin
1039 2227 1182 2284 tegenover
1199 2220 1232 2269 de

119 2283 241 2335 hinderen
262 2288 420 2351 gewccnlijk
442 2289 473 2338 is.
491 2314 524 2322 —
541 2286 587 2339 88.
612 2288 709 2338 dabit
733 2303 864 2338 manus:
888 2290 949 2337 dare
973 2303 1069 2337 manus
1088 2287 1233 2337 heteekent

119 2351 176 2398 zich
200 2367 343 2414 qewonnen
367 2369 467 2417 genem
500 2356 575 2404 Luer.
601 2356 639 2417 11,
664 2353 744 2405 1043:
776 2356 843 2404 dede
869 2370 964 2404 manus
980 2392 985 2403 .
1001 2393 1006 2403 .
1023 2360 1070 2403 aut
1095 2355 1232 2417 accingere

120 2422 213 2467 contra.
242 2445 274 2454 —
305 2416 350 2471 97.
385 2421 549 2484 lugubria
581 2422 724 2484 sumpsi:
757 2422 971 2471 rouwkteederen
1003 2422 1173 2483 aanqedaaa.
1199 2445 1233 2454 -

120 2478 165 2532 98.
188 2490 335 2550 caterva,
355 2488 405 2551 vgl.
424 2503 452 2537 vs
478 2487 510 2536 7ss
528 2489 614 2538 turha.
632 2514 664 2522 —
682 2484 727 2539 99.
747 2503 849 2537 causa
866 2494 1026 2551 perorata
1043 2493 1108 2550 est,
1127 2490 1177 2551 vgl.
1195 2503 1232 2536 vs.

121 2548 166 2598 27:
182 2552 234 2614 ipsa
249 2555 344 2618 loquar
363 2569 409 2617 pro
426 2569 477 2603 rne.
494 2580 527 2588 —
544 2560 666 2604 testes:
685 2556 724 2604 dit
740 2555 860 2619 schijnen
879 2556 911 2604 de
929 2556 1076 2604 schimrnen
1093 2556 1140 2603 der
1157 2570 1232 2603 vocr-

121 2617 208 2668 cnders
231 2625 257 2669 te
282 2621 348 2685 zijn‚
374 2620 418 2669 die
444 2620 474 2685 zij
502 2623 541 2670 als
563 2622 689 2685 getuigen
713 2623 787 2671 heeft
809 2636 987 2685 cpgeroepen‚
1013 2622 1051 2670 zie
1075 2638 1111 2670 vs.
1135 2620 1175 2671 37.
1200 2646 1234 2655 -

123 2676 175 2732 100.
192 2686 309 2736 humus
327 2688 350 2737 is
368 2687 426 2736 hier
444 2688 475 2736 de
492 2689 571 2737 narde
588 2691 627 2737 als
645 2689 692 2737 het
708 2689 769 2752 graf
783 2689 956 2738 hevattende:
976 2689 1021 2737 het
1034 2689 1104 2751 graf,
1123 2690 1169 2736 het
1182 2688 1232 2752 rijh

123 2748 167 2796 der
181 2752 288 2817 docden,
314 2755 434 2818 vergeldt
451 2754 586 2804 dankhaar
603 2756 654 2804 den
672 2755 736 2819 prijs
753 2756 799 2803 des
816 2757 919 2817 levem,
944 2755 967 2803 d.
986 2755 1002 2803 i.
1020 2769 1075 2803 was
1094 2757 1139 2804 het
1156 2756 1233 2802 leven

124 2817 237 2867 verdiend
260 2821 349 2883 heeft,
372 2822 401 2869 in
424 2821 471 2870 het
487 2822 564 2870 leven
582 2822 706 2871 verdiend
725 2823 761 2885 is,
784 2823 831 2870 dat
847 2822 920 2884 gaen
936 2822 969 2870 de
986 2822 1065 2870 deod:
1090 2823 1151 2869 loon
1168 2835 1235 2869 naar

124 2883 227 2934 werhen.
254 2887 323 2936 Dcor
346 2888 408 2936 deze
431 2888 582 2952 verhlaring
602 2888 653 2953 zijn
671 2889 721 2937 cok
739 2889 772 2937 de
789 2889 917 2951 volgende
934 2903 1027 2936 varzen
1045 2886 1183 2949 duidelijk.
1199 2912 1234 2920 -

125 2941 175 2999 1⁰2.
191 2953 368 3003 honoratis
385 2954 459 3003 avis
476 2969 551 3004 vocr:
568 2955 600 3003 nd
620 2956 762 3004 honoratos
780 2970 854 3016 av0s;
872 2955 944 3004 avis
962 2955 984 3003 is
1001 2969 1066 3002 eene
1078 2954 1236 3016 conjectuur

125 3028 170 3062 ven
186 3017 317 3082 Heinsius3
335 3021 367 3069 de
386 3021 584 3070 handschriften
603 3022 707 3070 hebben
725 3022 826 3085 aquis
843 3022 872 3070 of
887 3022 993 3084 equis.
