2850 4409
729 179 768 237 90

954 309 989 331 w
1017 287 1066 328 ¹...

348 382 477 441 namque
498 363 604 439 opibus
624 369 765 440 congesta
786 364 848 423 tuis
868 363 918 423 hic
936 325 1046 442 glarea
1058 364 1132 423 dura

290 443 329 503 60
392 443 550 517 sternitur,
571 444 621 503 hio
640 451 710 520 apta
730 444 866 520 iungitur
885 450 949 503 arte
969 444 1056 504 silex.

284 576 293 600 ,
329 528 380 600 ste
401 523 647 599 canitagricola,
667 543 685 583 a
706 542 902 600 magnacum
923 523 1039 584 venerit
1059 526 1132 584 urbe

279 605 290 680 i
312 622 322 662 r
347 619 352 636 ¹
390 621 476 663 serus
496 603 675 664 inoffensum
695 603 905 681 rettuleritque
925 603 1042 680 pedem.

289 697 295 704 ·
350 688 381 742 at
401 690 448 757 tu,
471 682 588 743 Natalis
609 684 721 744 multos
741 684 917 744 celebrando
937 702 992 761 per
1011 701 1117 757 annos,

388 763 544 823 candidior
564 781 683 840 semper
702 763 915 842 candidiorque
935 763 1013 824 voni.

697 1163 729 1238 1,
751 1165 797 1223 ro.

222 1349 392 1416 Opgeroepen
413 1365 457 1399 om
479 1348 565 1414 zijnen
582 1350 721 1414 diensttijd
738 1352 778 1401 als
794 1352 883 1401 ridder
898 1351 933 1415 bij
952 1352 1000 1400 het
1016 1354 1089 1416 leger
1105 1352 1170 1401 door
1184 1355 1214 1401 te
1230 1351 1312 1401 bren-

188 1432 254 1481 gen,
277 1431 408 1480 ongeveer
431 1413 536 1481 712142,
559 1417 587 1466 in
610 1417 662 1466 den
684 1417 734 1483 tijd
757 1432 808 1467 van
831 1419 863 1468 de
886 1420 1011 1482 oorlogen
1033 1419 1116 1468 onder
1138 1419 1186 1467 het
1207 1419 1313 1468 twaede

187 1484 369 1546 triumviraat,
393 1484 498 1532 vervult
519 1483 641 1533 Tibullus
664 1484 745 1534 dezen
768 1485 853 1547 plicht
875 1490 931 1534 met
953 1486 1079 1535 weemin:
1104 1485 1140 1550 hij
1160 1485 1184 1534 is
1200 1500 1312 1549 gewoon

187 1565 239 1600 aan
262 1551 309 1600 het
330 1550 401 1600 stille
423 1564 456 1599 en
474 1550 574 1614 rustige
591 1552 668 1600 leven
685 1566 718 1614 op
735 1552 783 1600 het
798 1552 861 1601 land
879 1566 913 1601 en
931 1567 979 1602 zou
997 1553 1079 1602 lieven
1095 1551 1131 1617 hij
1149 1551 1218 1615 zijnc
1236 1552 1313 1602 Delia

189 1618 277 1668 willan
293 1617 398 1681 blijven.

348 1770 422 1845 Quis
442 1771 514 1844 tuit,
535 1771 699 1831 horrendos
719 1771 835 1848 primus
855 1772 907 1850 qui
927 1772 1053 1850 protulit
1073 1775 1181 1833 enses?

387 1870 478 1929 quam
497 1851 581 1911 ferus
601 1858 632 1911 et
651 1869 722 1911 vere
742 1852 858 1912 feneus
877 1852 931 1912 ille
950 1852 1023 1912 fuit!

347 1937 412 1991 tum
433 1931 543 1991 caedes
563 1931 717 1990 hominum
737 1932 854 2007 generi,
875 1937 940 1992 tum
961 1932 1074 2010 praelia
1094 1938 1179 2007 nata,

386 2018 452 2070 tum
472 2011 590 2071 brevior
610 2011 692 2071 dirae
712 2012 818 2071 mortis
838 2019 941 2089 aperta
961 2013 1010 2071 via
1029 2019 1084 2073 est.

308 2094 326 2150 5
346 2097 377 2150 at
398 2091 473 2150 nihil
493 2091 545 2151 ille
566 2091 658 2151 miser
677 2092 802 2152 meruit:
823 2110 878 2151 nos
898 2093 937 2152 ad
958 2093 1036 2151 mala
1056 2099 1157 2152 nostra

388 2172 546 2245 vertimus,
567 2171 599 2229 in
620 2189 724 2231 saevas
745 2173 824 2249 quod
846 2172 930 2232 dedit
950 2172 1002 2232 ille
1022 2174 1110 2233 ieras.

348 2251 451 2311 divitis
471 2253 527 2310 hoc
548 2251 655 2310 vitium
676 2258 724 2311 est
744 2252 824 2326 auri,
844 2270 901 2312 noc
922 2254 1000 2312 bella
1019 2253 1155 2326 hrenrnt,

387 2331 506 2407 lagidus
526 2333 642 2391 astabat
661 2350 730 2390 oum
752 2333 885 2409 scyphus
905 2338 974 2392 ante
995 2333 1094 2409 dapes.

346 2429 405 2470 non
425 2429 524 2485 arces,
545 2429 604 2470 non
623 2411 722 2470 vallus
742 2418 821 2484 erat,
842 2429 1038 2490 somnumque
1059 2414 1180 2489 petebat

288 2492 326 2550 10
388 2509 512 2551 securus
532 2491 634 2549 tardas
655 2491 719 2549 dux
739 2492 841 2567 gregis
861 2492 940 2551 inter
960 2511 1040 2552 oves.

347 2576 419 2630 tunc
439 2571 513 2629 mihi
534 2570 595 2629 vita
615 2571 692 2630 foret
713 2571 829 2645 dulcia,
849 2590 905 2631 nec
925 2572 1023 2631 tristia
1043 2590 1163 2632 nossem

386 2669 468 2709 arma
487 2668 544 2710 neo
564 2650 716 2709 audissem
737 2651 826 2711 corde
846 2652 975 2712 micante
995 2653 1105 2712 tubam.

345 2748 425 2789 nunc
445 2730 484 2789 ad
504 2731 583 2790 bella
602 2731 718 2803 trahor,
740 2737 771 2790 et
790 2731 850 2790 iam
871 2732 940 2809 quis
960 2733 1085 2791 forsitan
1105 2732 1201 2791 hostis

387 2811 513 2869 haesura
532 2810 564 2868 in
585 2817 685 2869 nostro
706 2812 767 2870 tela
786 2811 865 2887 gerit
884 2813 985 2872 latere.

288 2892 326 2949 15
347 2890 401 2950 sed
420 2890 510 2966 patrii
531 2896 648 2950 servate
668 2891 776 2950 Lares:
798 2891 916 2950 aluistis
937 2898 968 2951 et
987 2892 1081 2966 idem,

386 2987 538 3030 cursarem
557 2977 674 3029 vestros
694 2988 763 3029 cum
784 2977 870 3030 tener
889 2978 958 3031 ante
979 2972 1081 3048 pedes.

345 3069 404 3110 neu
424 3050 538 3126 pudeat
557 3049 659 3126 prisco
680 3068 733 3109 vos
754 3068 821 3110 esse
842 3069 859 3110 e
880 3052 983 3128 stipite
1003 3052 1113 3111 factos:

387 3130 430 3189 sic
450 3130 561 3190 veteris
582 3130 670 3190 sedes
690 3130 859 3190 incoluistis
879 3132 935 3190 avi.

345 3217 418 3270 tunc
439 3210 548 3269 melius
568 3216 692 3269 tenuere
712 3210 819 3284 fidem,
840 3229 909 3270 cum
928 3230 1061 3288 paupere
1081 3211 1166 3271 cultu

287 3291 325 3348 ‘20
388 3291 484 3348 stabat
504 3290 536 3349 in
556 3290 666 3366 exigua
686 3290 805 3365 ligneus
825 3291 899 3350 aede
920 3291 1003 3351 deus.

186 3499 275 3547 viae:
299 3497 437 3561 Augustus
460 3498 512 3546 had
536 3511 587 3546 aan
610 3497 797 3546 verscheidene
819 3498 1012 3562 aanzienlijken
1029 3498 1197 3562 opgedragen
1214 3513 1260 3548 om
1277 3513 1310 3561 op

185 3565 262 3627 sigen
286 3564 381 3613 kosten
405 3565 437 3613 de
460 3578 553 3627 wegen
576 3564 686 3613 rondom
710 3562 793 3613 Rome
816 3568 843 3612 te
867 3565 1025 3614 herstellen:
1049 3579 1094 3613 zoo
1112 3578 1167 3614 was
1185 3565 1234 3615 het
1251 3580 1309 3614 ver-

186 3631 309 3680 nieuwen
328 3644 378 3678 van
396 3630 428 3678 de
445 3630 500 3678 via
517 3630 640 3680 Latina
657 3644 707 3679 aan
725 3630 838 3680 Messala
854 3636 882 3680 te
898 3631 977 3680 beurt
993 3631 1123 3694 gavellen.
1143 3631 1220 3682 Dion.
1238 3630 1309 3682 (lass.

185 3696 219 3746 53
250 3695 342 3746 22-
360 3691 404 3746 63.
423 3696 573 3759 Natalis,
591 3696 698 3760 vglll,
716 3695 788 3759 a,1.

219 3733 245 3814 ti.
272 3762 376 3825 nihil,
401 3764 446 3811 nl.
471 3776 553 3825 geene
575 3761 792 3826 besohuldiging,
818 3762 927 3827 verwijt.
951 3788 984 3799 -
1008 3765 1124 3826 miser,
1151 3779 1243 3827 amre,
1266 3765 1309 3816 ui.

185 3828 367 3892 onschuldige.
379 3854 412 3862 -
425 3824 461 3878 10.
479 3829 609 3878 tardas:
628 3829 700 3877 codd.
714 3830 814 3892 varias,
831 3830 948 3879 anderen
959 3839 1074 3893 sparsas,
1092 3835 1198 3880 saturas
1210 3845 1309 3881 ena.-

186 3892 222 3945 17.
241 3895 354 3958 prisco
369 3931 391 3944 ..
407 3909 421 3942 e
439 3895 575 3958 stipite,
593 3896 644 3958 vgl.
663 3896 686 3958 l,
704 3894 746 3945 ll.
