2850 4409
626 157 682 218 123

204 347 239 404 35
257 351 286 405 et
305 351 421 416 veteres
441 363 529 404 arcus
548 346 610 404 leto
631 362 790 404 renovasse
811 362 982 420 procorum,

294 426 461 502 errorisque
483 425 530 484 sui
550 424 595 484 sic
615 424 758 483 statuisse
778 425 915 499 modum;

259 523 309 567 nec
328 506 454 578 frustra,
476 505 546 582 quia
566 509 648 564 easta
669 505 750 563 domi
771 504 944 580 persederat
964 522 1048 563 uxor.

294 585 390 645 vincit
410 585 576 661 Penelopes
598 584 683 644 Aelia
704 582 791 643 Galla
811 585 910 643 fidem.
1125 579 1126 582 ’

589 991 651 1064 111,
674 992 720 1049 16.

528 1195 613 1236 SACRI
634 1195 781 1235 Animus.

220 1362 283 1423 Nox
303 1363 417 1437 media,
438 1371 471 1423 et
489 1363 627 1422 dominae
648 1363 722 1422 mihi
743 1361 826 1421 vemt
845 1361 975 1437 epistula
995 1367 1129 1419 nostrae:

258 1444 365 1505 'libore
386 1461 434 1504 me
454 1444 547 1502 missa
566 1442 656 1502 iussit
676 1443 783 1502 adesse
803 1459 899 1514 mora,

221 1525 342 1584 candida
363 1543 422 1601 qua
442 1523 577 1600 geminas
598 1523 761 1582 ostendunt
780 1521 911 1582 culmina
932 1527 1045 1591 turres,

257 1610 285 1664 et
305 1605 387 1665 cadit
405 1604 437 1662 in
458 1603 577 1680 patulos
597 1604 722 1679 lympha
742 1603 857 1661 Aniena
876 1602 972 1661 lacus,

184 1685 287 1761 bquid
307 1685 435 1743 faciam?
456 1683 594 1743 obductis
614 1683 798 1742 committam
819 1700 904 1741 mene
925 1681 1071 1751 tenebriS,

256 1772 289 1823 ut
309 1765 430 1823 timeam
451 1763 580 1823 audaces
599 1763 632 1821 in
652 1781 719 1822 mea
739 1762 871 1821 membra
891 1763 1016 1819 manus?

220 1851 247 1903 at
267 1844 291 1903 si
313 1844 459 1903 distulero
479 1843 553 1903 haec
573 1849 674 1901 nostro
695 1842 834 1900 mandata
855 1841 975 1915 timore,

255 1930 400 1984 nocturno
420 1925 510 1983 fletus
532 1923 647 1982 saevior
666 1924 753 1981 hoste
774 1921 855 1980 mihi.

220 2021 371 2079 peccaram
392 2005 500 2077 semel,
522 2008 553 2062 et
573 2010 669 2062 totum
691 2020 759 2061 sum
779 2002 886 2077 pulsus
906 2001 938 2059 in
958 2018 1084 2059 annum:

169 2081 201 2140 10
255 2084 286 2143 in
307 2102 355 2143 me
376 2089 547 2144 mansuetas
568 2100 627 2141 uon
648 2083 737 2141 habet
756 2082 809 2140 illa
829 2099 943 2139 manus

219 2181 271 2224 nec
291 2172 393 2223 tamen
413 2170 460 2223 est
480 2163 654 2240 qnisquam,
677 2179 776 2221 sacros
797 2161 849 2239 qui
869 2161 969 2220 laedat
989 2165 1138 2218 amantes:

255 2244 388 2303 Scironis
408 2242 508 2303 media
529 2243 572 2301 sic
593 2243 664 2302 licet
684 2242 729 2301 ire
749 2242 805 2299 via.

219 2324 354 2401 quisquis
375 2330 489 2383 amator
509 2323 583 2396 erit,
604 2321 755 2397 Scythicis
776 2321 847 2381 lieet
867 2321 999 2380 ambulet
1020 2319 1095 2379 oris:

256 2422 343 2464 nemo
364 2404 455 2477 adeo,
475 2409 510 2461 ut
530 2410 650 2475 noceat,
671 2403 813 2461 barbarus
833 2419 901 2461 esse
921 2401 1009 2460 volet.

169 2482 201 2539 15
219 2482 287 2543 luna
307 2483 458 2543 ministrat
477 2484 551 2555 iter,
572 2483 777 2542 demonstrant
797 2487 877 2540 astra
898 2481 1043 2553 salebras,

257 2564 323 2641 ipse
343 2565 436 2623 Amor
456 2580 596 2623 accensas
616 2561 765 2639 praecutit
785 2567 854 2620 ante
874 2561 970 2631 faces,

221 2660 305 2703 saeva
325 2660 434 2703 canum
454 2643 552 2702 rabies
572 2660 690 2701 morsus
710 2641 820 2701 avertit
839 2641 972 2701 hiantes:

256 2724 328 2783 huic
348 2723 450 2800 generi
471 2723 577 2800 quovis
598 2728 732 2799 tempore
753 2728 818 2780 tuta
837 2721 923 2779 viast.

220 2803 361 2880 sanguine
382 2808 444 2862 tam
463 2821 540 2879 puro
559 2803 628 2879 quis
648 2802 729 2861 euim
750 2806 907 2877 spargatur
926 2799 1053 2859 amantis

168 2879 202 2938 20
257 2883 431 2960 improbus?
452 2901 538 2955 ecee,
561 2882 624 2941 suis
644 2881 669 2941 it
689 2899 789 2940 comes
809 2881 875 2957 ipsa
895 2880 1008 2940 Venus.

220 2964 296 3039 quod
318 2963 344 3022 si
364 2968 446 3022 certa
466 2980 549 3022 meos
570 2969 767 3039 sequerentur
787 2962 892 3020 bruera
912 2977 1014 3030 casus,

257 3043 327 3102 talis
347 3060 428 3101 mors
447 3043 544 3119 pretio
564 3042 613 3101 vel
634 3042 674 3100 sit
694 3042 821 3100 emenda
840 3040 923 3099 mihi.

221 3122 334 3182 adferet
354 3123 428 3182 haec
448 3129 601 3197 unguenta
621 3121 696 3180 mihi
717 3122 866 3197 sertisque
887 3120 1057 3197 sepulcrum

259 3202 375 3262 ornabit
394 3208 496 3261 custos
516 3202 555 3260 ad
575 3220 641 3261 mea
662 3202 750 3260 busta
771 3202 887 3261 sedens

121 3323 260 3346 κ

122 3401 198 3454 echter
215 3407 339 3475 Calypso,
363 3409 405 3460 die
423 3410 578 3460 intusschen
595 3410 652 3459 niet
668 3424 701 3472 op
719 3410 820 3473 Aeaea,
843 3424 916 3458 maar
932 3424 965 3472 op
983 3409 1085 3473 Ogygia
1102 3411 1219 3459 woonde.

122 3462 168 3517 00k
187 3473 341 3541 Pomponius
363 3477 433 3527 Mela
455 3490 489 3526 en
513 3477 634 3541 Hyginus
657 3477 749 3526 echter
771 3491 869 3540 zeggen
891 3476 937 3525 det
954 3475 1067 3540 Calypso
1084 3491 1117 3540 op
1134 3476 1220 3526 Aeaea

122 3539 222 3591 woonde.
237 3568 269 3579 -
285 3541 331 3596 38.
349 3544 458 3607 Aelia,
477 3543 518 3592 uit
534 3544 566 3592 de
583 3558 649 3607 gens
665 3557 717 3592 van
735 3544 796 3592 dien
813 3557 900 3592 naam.

150 3597 164 3651 Ι.
185 3606 347 3661 dominae:
364 3609 494 3675 Cynthia,
512 3610 554 3659 die
571 3614 599 3659 te
615 3609 711 3675 Tibur,
728 3624 779 3659 aan
797 3610 849 3659 den
866 3609 933 3659 Anio
951 3625 983 3673 op
1000 3611 1032 3659 de
1050 3611 1152 3674 helling
1169 3625 1219 3659 van

122 3676 162 3715 θοι]
182 3671 271 3726 heurel
293 3679 417 3742 gelegen‚
441 3677 582 3727 vertoefde.
605 3701 639 3710 -
661 3673 687 3726 9.
711 3676 754 3725 Zie
777 3677 804 3739 I,
827 3675 873 3740 18,
890 3676 907 3725 5
923 3691 978 3726 ena.
1001 3691 1035 3726 en
1056 3678 1080 3739 1,
1099 3676 1128 3739 1,
1146 3676 1169 3724 7.
1187 3702 1220 3711 -

122 3725 151 3782 12.
167 3734 322 3794 Scironis:
340 3743 432 3794 Sciron
449 3758 504 3793 was
520 3758 571 3793 een
588 3744 635 3792 der
651 3747 797 3806 monsters,
815 3744 857 3792 die
873 3743 992 3793 Theseus
1009 3744 1108 3794 doodde
1123 3758 1155 3805 op
1169 3743 1219 3807 zijn

124 3809 170 3864 ”⁰ss
190 3820 249 3858 naor
270 3811 388 3874 Athene,
413 3811 464 3874 vgl.
488 3809 543 3860 Cat.
567 3809 659 3873 LXIV,
682 3809 739 3859 216.
766 3809 807 3874 Hij
827 3810 922 3873 dwong
938 3811 990 3860 alle
1008 3810 1220 3874 roorbrjgaugers

123 3860 173 3917 'lem
194 3874 222 3923 de
245 3884 337 3928 roeten
360 3882 387 3927 te
413 3878 547 3927 wasschen
566 3891 600 3926 en
618 3876 713 3941 terwijl
732 3876 762 3939 zij
781 3877 922 3925 daarmede
939 3877 1014 3939 berig
1030 3890 1134 3933 svaran,
1158 3876 1220 3923 stiet
