2850 4409
709 111 748 169 24

468 366 502 402 DE
522 365 628 403 KONING
645 365 700 402 DER
718 354 987 402 vsuscuRIKuru'GEN.

200 556 238 604 De
262 555 365 604 dichter
386 556 461 604 heeft
477 571 510 618 op
528 558 584 605 vele
602 557 720 618 gronden
738 556 861 605 trachten
879 570 930 604 ann
947 562 973 604 te
990 561 1102 619 toonen,
1126 558 1171 606 dat
1189 558 1221 605 de
1241 558 1291 605 zie}

166 622 291 685 stotielijk
314 637 347 671 en
371 623 421 670 dus
444 623 573 686 sterfelijk
597 623 619 671 is
642 637 676 671 en
699 622 734 685 bij
757 624 808 671 den
825 623 891 671 dood
909 637 942 685 op
959 624 1076 672 dezelfde
1095 623 1167 687 wijze
1185 625 1224 672 als
1243 624 1292 673 het

166 690 281 738 lichaam
298 689 451 738 ontbonden
469 690 562 738 wurdt.
584 690 622 738 De
640 690 707 738 duod
725 691 747 738 is
765 690 828 753 dus,
847 704 891 738 zoo
909 695 1000 738 meent
1017 689 1067 753 hij,
1087 690 1133 738 het
1150 691 1206 740 niet
1223 690 1289 754 zijn,

166 770 200 803 θη
224 757 332 805 daurom
355 756 387 804 de
410 770 485 804 vrees
506 771 568 804 vocr
585 756 637 804 den
654 756 721 805 dood
739 770 804 804 eene
821 756 986 819 dwaasheid,
1012 771 1133 805 waarvan
1151 772 1215 806 men
1232 757 1290 807 zich

166 828 239 871 moet
260 822 396 886 bevrijden
419 837 462 871 om
486 823 558 872 kalm
583 837 617 870 en
640 823 727 885 rustig
749 838 783 871 en
807 824 856 871 dus
879 823 1007 886 gelukkig
1030 828 1057 871 te
1075 823 1186 872 kunnen
1203 826 1289 873 leven.

167 889 207 952 Hij
233 894 283 952 put
301 890 358 938 zich
376 891 415 938 ais
433 889 452 937 't
469 904 539 938 ware
557 890 598 938 uit
614 890 642 937 in
660 894 837 952 argumenten
854 904 888 937 θη
906 889 1010 953 bewijst
1026 890 1076 939 ook
1094 891 1222 939 danrdoor
1239 891 1291 940 hoe

166 956 339 1019 ingeworteld
357 956 401 1004 dat
419 955 494 1005 beses
508 956 530 1004 is
547 956 582 1019 bij
601 958 627 1005 al
645 956 778 1019 degenen‚
803 956 844 1004 die
863 960 918 1004 met
935 970 1026 1004 vreeze
1044 957 1090 1006 des
1107 957 1201 1020 doum,
1226 958 1292 1007 door

166 1023 192 1071 al
210 1024 266 1071 hun
285 1025 375 1085 leven,
393 1023 440 1070 der
456 1022 670 1072 dienstbaarheid
687 1023 877 1085 onderworpen
895 1022 953 1086 ziju.

548 1211 604 1274 ΠΙ.
645 1212 698 1272 vs.
721 1213 908 1291 aso-1094.

248 1405 306 1463 830
327 1404 379 1462 Nil
398 1405 492 1480 igitur
511 1422 592 1463 mors
613 1410 659 1463 est
680 1404 719 1462 ad
739 1422 793 1462 nos
814 1422 911 1481 neque
932 1405 1062 1481 pertinet
1082 1405 1194 1479 hilum,

328 1485 569 1561 quandoquidem
590 1492 696 1543 natura
717 1484 808 1542 animi
830 1485 963 1543 mortalis
984 1486 1118 1544 habetur.

242 1633 244 1637 .
328 1571 359 1623 et
380 1566 463 1623 velut
483 1571 551 1623 ante
572 1572 638 1623 acto
659 1564 702 1622 nil
723 1572 857 1640 tempore
879 1566 1030 1623 sensimus
1050 1565 1148 1640 aegri,

327 1645 366 1702 ad
387 1644 609 1720 confligendum
630 1644 820 1704 venientibus
841 1645 974 1721 undique
995 1645 1118 1716 Poenis,

327 1725 425 1783 omnia
446 1743 513 1783 cum
535 1724 606 1783 belii
627 1724 745 1800 trepido
766 1742 910 1783 concussa
930 1727 1062 1784 tumultu

248 1806 306 1863 835
327 1805 448 1863 horrida
468 1811 673 1864 contremuere
695 1806 750 1863 sub
771 1805 841 1863 altis
862 1805 992 1864 aetheris
1013 1805 1088 1877 oris,
1169 1853 1172 1858 ,

326 1885 359 1942 in
380 1885 530 1962 dubioque
550 1885 634 1944 fuere
654 1893 789 1943 utrorum
810 1885 849 1943 ad
870 1903 961 1960 regna
981 1885 1149 1944 cadendum

328 1965 465 2025 omnibus
486 1966 625 2023 humanis
646 1973 728 2024 esset
749 1971 887 2041 terraque
908 1966 1057 2042 marique,

328 2044 389 2119 sic,
410 2045 461 2105 ubi
482 2064 541 2103 non
561 2045 688 2115 erimus,
710 2063 779 2104 cum
799 2045 931 2121 corporis
951 2052 1042 2122 atque
1063 2045 1171 2104 animai

328 2125 488 2184 discidium
508 2125 614 2196 fuerit,
636 2125 746 2202 quibus
767 2144 783 2184 e
805 2143 910 2183 sumus
931 2125 1030 2184 uniter
1050 2125 1127 2201 apti,

248 2206 306 2263 840
328 2206 457 2279 scilicet,
479 2206 560 2263 haud
580 2205 665 2264 nobis
686 2205 862 2281 quicquam,
885 2205 936 2281 qui
957 2223 1016 2263 nou
1037 2206 1149 2265 erimus
1169 2210 1253 2278 tum,

327 2285 462 2344 accidere
484 2285 604 2343 omnino
625 2285 735 2361 poterit
756 2303 937 2361 sensumque
958 2304 1091 2358 movere,

327 2383 386 2423 non
408 2365 432 2423 si
454 2369 533 2423 terra
554 2366 628 2423 mari
649 2365 824 2424 miscebitur
844 2372 875 2423 et
896 2384 976 2424 mare
997 2367 1087 2424 caelo.

328 2450 357 2503 et
379 2444 404 2502 si
425 2445 484 2502 iam
506 2452 606 2503 nostro
628 2445 720 2503 sentit
741 2446 779 2504 de
799 2463 922 2522 corpore
943 2452 1102 2521 postquam

329 2523 500 2584 distractast
520 2525 611 2583 animi
632 2531 738 2583 natura
757 2526 933 2601 animaeque
954 2532 1101 2601 potestaS,

193 2760 257 2814 831.
281 2762 430 2812 habetur
448 2779 478 2806 =
496 2765 675 2828 intellegitur,
700 2768 785 2815 zooals
809 2767 834 2827 Ι,
859 2764 921 2828 758,
945 2767 974 2815 of
989 2783 1019 2810 =
1038 2783 1065 2816 se
1087 2768 1179 2829 habet,
1204 2770 1295 2818 zooals

167 2830 230 2881 Sall.
245 2831 278 2879 de
293 2830 358 2879 coni.
375 2829 451 2879 Catil.
464 2830 492 2893 o,
505 2831 533 2880 3:
550 2832 628 2881 sicuti
639 2834 764 2895 pleraque
774 2834 927 2881 mortalium
939 2831 1194 2885 habentus-835.
1213 2836 1295 2899 oriS,

168 2899 218 2961 vgl.
243 2897 267 2960 1,
290 2896 330 2945 22.
355 2923 388 2931 —
411 2893 476 2948 836.
501 2902 657 2947 utrorum
681 2899 809 2960 namelijk
834 2900 880 2948 der
902 2900 978 2948 beide
1001 2897 1094 2949 om'de
1111 2902 1293 2950 wereldheer-

167 2964 282 3028 schappij
302 2964 446 3028 strijdende
462 2966 600 3014 machten:
619 2966 765 3015 Romeinen
779 2981 812 3014 θη
825 2965 991 3030 Carthagers.
1010 2967 1111 3030 Vergel.
1124 2968 1178 3017 Liv.
1191 2967 1293 3031 XXIX,

166 3029 212 3093 47,
229 3030 246 3080 6
263 3046 334 3080 ivaar
351 3032 383 3079 de
401 3032 556 3080 Locrensem
573 3033 601 3080 in
620 3033 671 3081 den
689 3038 782 3081 senaat
800 3037 827 3082 te
846 3034 928 3082 Rome
946 3048 1057 3096 zeggen:
1075 3035 1119 3097 „iu
1138 3035 1292 3084 discrimine

167 3103 208 3146 est
225 3113 297 3147 nunc
314 3099 465 3147 humanum
483 3113 561 3147 omne
579 3114 676 3162 genus,
695 3105 787 3148 utrum
805 3115 850 3148 vos
864 3115 898 3148 an
914 3099 1148 3163 Carthaginienses
1160 3102 1294 3164 principes

167 3169 300 3213 terrarum
317 3165 429 3214 videat.''
447 3165 485 3213 De
499 3165 676 3230 uitdrukking
693 3167 809 3215 cadere
827 3167 876 3229 ad,
894 3168 1062 3216 vervallen
1079 3172 1128 3216 tot.
1145 3169 1173 3216 of
1188 3168 1293 3217 under

168 3233 189 3280 is
207 3233 346 3281 zeldzaam.
363 3258 398 3265 —
414 3228 479 3281 837.
498 3233 702 3281 humanis:
720 3233 872 3282 hominibus
889 3235 940 3297 vgl.
958 3233 1008 3296 ΙΙΙ,
1025 3232 1066 3282 80.
1084 3260 1119 3268 —
1134 3231 1199 3286 839.
1217 3235 1292 3297 qui-

167 3298 228 3347 bus
252 3313 280 3347 e:
304 3299 332 3347 in
356 3313 432 3360 proza
456 3303 525 3346 staat
548 3314 621 3347 cum
644 3300 803 3364 gewoonlijk
826 3315 861 3349 na
884 3301 932 3348 het
948 3315 1021 3362 pron.
1043 3302 1183 3350 relativum
1201 3299 1240 3361 (L.
1260 3301 1292 3353 G.

167 3362 247 3426 §312
270 3363 299 3413 Α.
318 3363 359 3426 3);
384 3366 433 3413 ook
458 3365 490 3412 de
514 3380 601 3427 praep.
626 3367 664 3415 de
683 3367 768 3415 wordt
785 3368 848 3415 door
864 3365 953 3416 Cicero
972 3368 1028 3415 niet
1045 3368 1136 3416 zelden
1154 3383 1189 3416 na
1206 3369 1293 3418 haren

166 3446 244 3481 casus
267 3433 406 3494 geplaatst.
437 3430 475 3494 Bij
501 3432 616 3481 dichters
640 3433 715 3481 komt
738 3435 829 3482 echter
852 3434 914 3482 deze
937 3435 1068 3497 ptaatsing
1092 3434 1205 3498 dikwijis
1227 3450 1294 3484 voor

167 3499 216 3548 ook
249 3498 283 3562 bij
318 3498 416 3546 andere
448 3500 617 3561 voorzetsels3
651 3515 695 3548 ηοη
726 3500 800 3548 heeft
830 3500 906 3550 Lucr.
931 3501 988 3549 niet
1012 3500 1098 3549 alleen
1124 3501 1250 3564 quibus
1276 3517 1294 3551 e

167 3565 225 3614 hier
258 3579 292 3612 θη
329 3579 365 3613 vs.
397 3562 460 3627 858,
495 3579 570 3612 maar
601 3565 650 3614 ook
682 3566 823 3629 ignibus
857 3582 909 3630 ex,
944 3568 1030 3616 viam
1064 3582 1136 3630 per,
1170 3566 1295 3618 Cumas

167 3632 263 3694 apud
290 3645 344 3679 enz.
370 3656 403 3663 —
430 3632 560 3679 uniter
592 3633 685 3694 apti,
720 3634 876 3697 „organisch
901 3634 1121 3697 samengesteid’'.
1155 3635 1294 3685 Uniter

168 3700 250 3747 komt
266 3698 352 3746 alleen
375 3696 410 3760 bij
436 3697 511 3746 Lucr.
535 3712 609 3746 macr
632 3699 776 3748 herhaalde
798 3702 888 3749 maten
908 3716 984 3762 voor3
1008 3706 1107 3763 aptus
1124 3701 1147 3749 is
1163 3701 1293 3766 eigenlijk

167 3779 217 3813 een
243 3768 310 3826 part.
337 3764 401 3826 perf.
428 3777 494 3826 pass,
521 3779 572 3813 van
598 3780 647 3813 een
674 3767 850 3829 werkwoord,
877 3768 923 3816 dat
948 3768 1004 3816 niet
1027 3782 1100 3815 meer
1122 3767 1234 3817 bestaat.
1257 3794 1294 3803 -

166 3828 232 3883 843.
258 3834 296 3879 et
321 3831 352 3879 si
378 3830 462 3893 iam,
489 3845 522 3879 en
549 3845 732 3894 sangenomen
758 3834 811 3882 dat.
834 3859 867 3867 —
892 3830 959 3884 844.
987 3834 1092 3883 animi
1118 3839 1292 3884 natura:
