2850 4409
609 219 663 276 117

235 402 306 461 huic
326 404 436 461 fluctus
457 403 526 462 vivo
546 403 691 462 radicitus
711 402 836 461 abstulit
857 420 988 478 ungues,

273 489 304 541 et
324 482 468 541 miserum
487 483 603 542 invisae
623 483 717 542 traxit
737 483 837 541 hiatus
857 501 967 558 aquae:

234 563 314 621 huno
334 581 425 638 parvo
445 563 518 622 ferri
539 563 616 621 vidit
636 580 696 621 nox
717 563 851 639 improba
871 562 961 638 ligno.

275 642 385 702 Paetis
407 649 441 701 nt
460 642 624 716 occideret,
646 648 691 701 tot
710 641 808 702 coiere
829 642 914 701 mala.

180 722 216 778 55
236 722 310 781 fiens
330 727 430 782 tamen
451 723 596 782 extremis
618 722 702 781 dedit
722 723 797 781 haec
817 722 955 781 mandata
975 722 1134 798 querellis,

275 821 343 860 cum
364 802 541 861 moribunda
561 803 647 878 niger
666 802 820 862 clauderet
841 820 892 861 ora
911 801 1025 878 liquor:

236 882 284 955 „di
305 882 395 941 maris
415 882 528 958 Aegaei
547 900 623 959 quos
645 889 716 940 sunt
734 899 828 958 penes
849 900 992 958 aequora,
1013 882 1111 955 venti,

275 968 305 1020 et
325 980 533 1039 quaecumque
554 981 655 1022 meum
675 962 819 1037 degravat
839 962 920 1020 unda
940 967 1044 1038 caput,

236 1060 293 1118 quo
314 1042 420 1117 rapitis
441 1042 567 1101 miseros
587 1048 707 1101 tenerae
728 1041 879 1117 lanuginis
899 1044 1012 1101 annos?

181 1120 216 1178 60
274 1122 430 1182 attulimus
450 1122 555 1198 longas
574 1122 607 1180 in
627 1123 704 1180 freta
724 1128 824 1180 vestra
846 1139 958 1180 manus.

236 1220 253 1259 a
273 1202 378 1260 miser!
401 1202 560 1276 alcyonum
582 1201 714 1278 scopulis
733 1201 859 1277 adfligar
879 1201 990 1261 acutis:

275 1281 307 1341 in
328 1299 376 1340 me
396 1282 534 1340 caemleo
555 1282 672 1340 fuscina
692 1288 812 1358 sumpta
832 1281 926 1341 deost.

237 1367 267 1419 at
287 1362 393 1420 saltem
412 1361 518 1420 Italiae
539 1361 710 1436 regionibus
731 1361 860 1419 advehat
880 1369 994 1421 aestus:

275 1442 332 1499 hoc
352 1441 390 1501 de
411 1459 459 1500 me
481 1447 527 1499 sat
546 1441 605 1500 erit
625 1441 651 1499 si
671 1441 760 1500 modo
780 1441 869 1500 matis
889 1440 975 1500 erit.”

182 1521 218 1578 65
237 1522 383 1584 subtrahit
402 1522 478 1580 haec
497 1521 610 1580 fantem
630 1527 708 1580 torta
729 1520 875 1596 vertigine
896 1522 1021 1596 fiuctus;

275 1601 380 1660 ultima
401 1619 478 1677 qnae
498 1601 590 1660 Paeto
610 1619 730 1677 voxque
752 1601 876 1677 diesque
896 1601 962 1660 fuit

237 1686 392 1740 ocentum
414 1699 578 1757 aequoreae
599 1680 696 1740 Nereo
717 1681 851 1756 genitore
872 1682 1005 1757 puellae,

276 1767 307 1819 et
326 1767 360 1819 tu
380 1767 515 1820 materno
536 1768 614 1819 tacta
635 1761 737 1820 dolore
758 1760 861 1834 Theti,

237 1858 289 1899 vos
309 1840 413 1900 decuit
433 1841 513 1900 lasso
534 1858 701 1917 supponere
723 1841 843 1899 brachia
864 1847 977 1899 mento:

182 1920 218 1978 70
276 1938 334 1979 non
355 1927 472 1997 poterat
492 1927 608 1980 vestras
628 1921 680 1980 ille
701 1939 825 1996 gravare
845 1939 959 1979 manus.

182 1999 217 2057 25
237 2000 352 2059 reddite
372 2018 482 2077 corpus
502 2001 593 2060 humo
614 2000 753 2077 (positast
773 2000 805 2058 in
825 2001 945 2076 gurgite
966 2001 1055 2076 rita);

276 2081 401 2139 Paetum
423 2086 528 2157 sponte
549 2086 615 2154 tua,
637 2080 706 2139 vilis
727 2099 831 2154 arena,
852 2088 952 2156 tegas3

238 2167 267 2218 et
286 2160 425 2237 quotiens
445 2160 529 2220 Paeti
551 2160 690 2219 transibit
710 2168 801 2219 nauta
821 2161 1009 2237 sepulcrum,

276 2240 356 2299 dicat
376 2247 424 2313 „et
445 2240 550 2299 audaci
572 2250 606 2298 tu
627 2241 716 2299 timor
736 2258 803 2299 esse
824 2241 938 2317 potes.'’

183 2319 217 2375 71
237 2327 267 2378 at
286 2327 334 2394 tu,
357 2338 445 2379 saeve
466 2320 591 2397 Aquilo,
612 2339 777 2397 numquam
798 2339 863 2379 mea
884 2321 950 2380 vela
971 2320 1101 2379 videbis:

275 2406 344 2459 ante
364 2403 444 2459 fores
465 2400 603 2459 dominae
623 2401 735 2459 condar
755 2409 872 2476 oportet
891 2402 980 2460 iners.

584 2732 646 2806 ru,
668 2732 696 2790 o.

514 2901 577 2941 AAN
597 2901 763 2942 MAECENAS.

236 3024 410 3098 Messenae,
431 3044 524 3103 eques
544 3026 674 3086 Etrusco
696 3027 734 3086 de
756 3027 900 3103 sanguine
920 3046 1040 3102 regum,

274 3104 354 3164 intra
374 3105 522 3164 fortunam
544 3107 597 3183 qui
619 3107 705 3183 cupis
726 3125 793 3167 esse
814 3114 911 3180 tuam,

100 3270 189 3324 zeugma
207 3266 229 3316 is
245 3268 425 3331 weggelaten:
449 3281 524 3317 maan
541 3267 577 3331 hij
597 3282 651 3317 was
668 3281 777 3331 gewoon
795 3273 821 3317 te
839 3270 930 3331 slepen
948 3284 1003 3318 enz.
1021 3295 1054 3303 —
1071 3266 1108 3320 51.
1135 3286 1197 3319 un·

100 3337 176 3385 gaes:
198 3334 229 3383 de
251 3335 344 3397 nagels
367 3334 473 3383 worden
492 3335 553 3383 henr
571 3349 622 3383 van
640 3335 672 3384 de
691 3335 797 3383 handen
814 3336 961 3397 gescheurd
978 3334 1024 3398 (en
1041 3337 1069 3385 in
1088 3337 1108 3385 ’t
1124 3339 1197 3401 alge-

100 3405 160 3444 meen
175 3398 204 3447 de
220 3400 359 3449 uiteinden
375 3400 457 3465 zijner
468 3401 619 3450 ledematen
632 3400 798 3466 verbrijzeld)
810 3402 873 3450 door
885 3402 905 3451 ’t
916 3404 1031 3466 gemela,
1049 3406 1198 3454 ivaarmede

99 3457 122 3506 de
136 3466 220 3525 golven
237 3468 300 3516 hem
318 3471 398 3530 tegen
416 3468 463 3516 het
480 3468 553 3517 wrak
572 3467 620 3528 (vs.
638 3466 681 3530 53)
700 3469 729 3517 of
744 3472 823 3532 tegen
842 3469 874 3517 de
891 3469 998 3532 klippen
1013 3468 1061 3532 (vs.
1075 3470 1119 3532 61)
1131 3473 1197 3522 slin-

37 3593 39 3600 .
98 3536 173 3585 geren:
195 3547 238 3583 zoo
262 3534 370 3583 verliest
393 3532 527 3597 Odysseus
549 3534 577 3583 in
595 3549 660 3583 eene
677 3535 837 3597 sehipbreuk
855 3536 902 3584 het
918 3538 960 3585 vel
977 3537 1058 3601 zijner
1076 3539 1197 3590 handen:

37 3607 38 3610 ’
98 3595 132 3641 ’οῦ
152 3594 213 3661 πρὸς
237 3595 347 3664 πέτρῃσι
370 3596 524 3662 θρασειάων
548 3596 601 3649 ἀπὸ
625 3604 725 3664 χειρῶν
747 3597 814 3663 ῥινοὶ
838 3596 1024 3665 ἀπέδρυφθεν,
1046 3603 1138 3670 Odyss.
1164 3607 1198 3671 V,

97 3655 140 3710 aa,
155 3689 186 3699 -
201 3662 245 3717 6⁰.
270 3667 394 3730 longas
417 3682 549 3730 manus,
573 3668 624 3731 vgl.
641 3666 688 3730 48,
709 3674 815 3718 teneras
832 3683 942 3730 manus,
964 3670 992 3718 in
1009 3675 1198 3738 tegenstelling

37 3757 38 3760 =
96 3734 140 3776 met
159 3732 188 3780 de
210 3734 320 3783 dikkere
343 3748 377 3782 en
399 3734 515 3797 steriger
537 3735 644 3783 handen
667 3749 718 3783 van
740 3735 789 3783 wie
806 3749 857 3784 aan
875 3737 1071 3786 handenarbeid
1088 3754 1197 3801 gewoon

96 3790 118 3840 is·
133 3820 162 3830 -
177 3794 220 3849 64.
245 3801 319 3863 hoc,
338 3802 374 3849 nl,
393 3799 458 3864 mijn
476 3801 603 3862 helmam,
621 3800 687 3865 rnijn
705 3800 761 3865 lijk.
779 3827 812 3835 -
829 3798 875 3853 68.
894 3809 1048 3853 materno
1065 3804 1196 3868 dolore,

94 3871 144 3909 orer
161 3864 222 3915 haar
238 3882 303 3917 zoon
319 3866 443 3916 Achilles.

123 3924 136 3976 Ι.
159 3929 184 3981 G.
207 3931 309 3983 Cilnius
333 3933 472 3983 Maecenas
496 3949 550 3983 was
572 3948 620 3982 een
639 3934 838 3998 afstammeling
855 3951 905 3984 van
923 3951 972 3984 eeu
990 3937 1041 3984 oud
1060 3937 1196 3984 Etrurisch
