2850 4409
638 153 696 209 185

207 335 244 392 30
263 340 298 394 tu
319 334 459 412 prinecps
479 342 641 413 auctorque
662 336 754 410 sacri,
776 337 929 411 Cyllenie,
949 337 1041 413 tanti;

207 416 243 473 31
264 433 319 491 per
338 420 369 474 te
389 415 449 474 iam
470 416 586 474 caelum
607 416 751 489 interius,
771 417 831 475 iam
852 416 950 476 sidera
971 422 1040 476 nota

264 501 295 554 et
314 513 369 571 per
388 496 477 555 inane
498 496 562 554 suis
583 496 719 572 parentia
739 497 849 555 finibus
869 503 965 571 astra,

263 575 443 652 nominaque
464 581 496 635 et
515 594 621 636 cursus
643 576 812 651 signorum,
832 577 980 653 pondera,
1001 577 1096 653 vires3

207 655 244 712 35
264 655 358 714 maior
377 656 423 714 uti
443 656 536 715 facies
557 657 661 715 mundi
680 658 773 728 foret,
794 662 826 715 et
845 657 1014 716 veneranda

263 753 323 794 non
344 736 461 812 speeies
480 741 612 810 tuntum,
633 737 688 795 sed
708 743 740 796 et
759 736 825 812 ipsa
844 737 977 813 potentia
996 755 1115 811 rerum,

265 815 471 892 sentirentque
491 815 582 876 deum
602 821 708 891 gentes
729 835 818 893 quam
838 817 989 875 maximus
1009 825 1098 876 esset.

207 894 244 952 to
263 900 295 954 et
313 902 421 955 natura
441 896 525 955 dedit
545 897 625 955 vires
646 914 739 973 seque
759 897 826 972 ipsu
845 897 984 972 reclusit,

263 977 380 1050 regales
400 976 515 1034 animos
535 977 667 1052 primum
687 977 810 1052 dignata
830 994 965 1051 movere,

263 1056 400 1131 proxima
419 1056 570 1131 tangentis
589 1075 689 1116 rerum
710 1056 831 1132 fastigia
849 1058 946 1133 caelo;

263 1135 315 1211 qui
335 1135 478 1195 domuere
498 1137 578 1195 feras
598 1143 704 1212 gentes
725 1137 838 1196 oriente
859 1139 915 1196 sub
935 1138 1016 1214 ipso,

264 1232 338 1291 quas
359 1222 442 1274 secat
462 1216 647 1292 Euphrates,
668 1217 699 1274 in
720 1235 795 1294 quas
815 1223 846 1277 et
865 1217 952 1276 Nilos
971 1218 1114 1293 inundat,

207 1293 244 1350 45
264 1313 322 1371 qua
342 1295 474 1354 mundus
494 1296 574 1355 redit
593 1302 625 1355 et
645 1297 746 1372 nigras
767 1315 859 1372 super
878 1299 977 1356 evolat
996 1300 1094 1357 urbes.

262 1380 333 1434 tunc
354 1376 407 1452 qui
427 1377 540 1452 templa
560 1376 653 1435 sacris
673 1377 831 1436 coluerunt
851 1395 938 1436 omne
958 1396 1012 1454 per
1031 1397 1156 1452 aevum⁷

263 1454 431 1532 delectique
452 1456 622 1515 sacerdotes
641 1456 673 1514 in
693 1457 813 1533 publica
833 1464 902 1516 vota

263 1536 360 1594 officio
380 1535 505 1594 vinxere
526 1535 632 1610 deum,
653 1536 764 1613 quibus
783 1537 850 1614 ipsa
869 1538 1000 1613 potentis

261 1615 393 1673 numinis
413 1616 551 1674 accendit
570 1622 685 1675 castam
704 1617 874 1692 praesentia
893 1624 1040 1692 mentem,

208 1694 243 1750 ὅθ
262 1694 353 1772 inque
373 1696 465 1755 deum
485 1696 561 1755 deus
580 1696 647 1772 ipse
667 1697 739 1755 tulit
759 1698 915 1773 patuitque
934 1697 1089 1757 ministris.

262 1774 293 1832 hi
313 1781 431 1834 tantum
451 1793 571 1835 movere
592 1776 699 1849 decus,
720 1777 870 1854 primique
889 1796 944 1852 per
963 1783 1058 1836 artem

263 1854 411 1914 sideribus
433 1855 535 1914 videre
555 1857 640 1932 vagis
660 1857 822 1932 pendentia
841 1858 910 1916 iata

262 1934 380 2010 singula
399 1954 469 1994 nam
490 1936 610 2012 proprio
631 1936 789 2012 signarunt
808 1942 942 2013 tempora
962 1955 1049 2010 casu,

260 2014 350 2090 longa
368 2034 423 2091 per
442 2015 580 2075 assiduas
600 2017 749 2092 complexi
771 2018 890 2076 saecula
908 2035 1009 2076 curus:

118 2125 263 2139 *¹3-

117 2194 154 2248 32.
170 2202 204 2251 De
220 2204 303 2268 hcoge
319 2205 408 2254 banen
425 2220 459 2255 en
477 2207 510 2255 de
526 2207 613 2256 banen
630 2207 751 2256 beneden
764 2209 815 2256 den
829 2208 935 2256 horizon
948 2207 1045 2268 (imum
1058 2208 1108 2257 sub
1120 2207 1227 2266 orbem)

117 2270 139 2312 te
159 2282 266 2335 openen,
290 2278 317 2320 te
338 2274 429 2321 leeren
447 2272 568 2335 konnen,
591 2274 614 2322 is
631 2273 772 2338 goddelijlr.
789 2301 824 2309 -
840 2270 885 2325 30.
910 2273 1082 2338 Cyllenie,
1105 2275 1225 2339 bijnanm

116 2346 159 2381 van
179 2336 335 2402 Mercurius,
359 2353 424 2388 naar
447 2340 498 2388 den
521 2340 614 2389 Arcad.
638 2341 701 2405 berg
722 2339 846 2404 Cyllene,
869 2341 937 2405 zijne
953 2342 1172 2404 geboorteplaats.
1190 2367 1225 2376 -

116 2394 153 2448 36.
174 2406 302 2465 species
325 2407 365 2454 als
387 2406 506 2471 uiterlijlr
525 2412 595 2456 staat
612 2412 756 2469 tegenover
773 2409 930 2470 potentia
947 2411 986 2457 als
1003 2409 1051 2457 het
1067 2408 1223 2472 innerlijke,

116 2464 143 2513 de
158 2483 203 2518 van
218 2471 318 2520 binnen
334 2473 478 2521 werkende
496 2472 598 2522 kracht.
615 2499 649 2507 -
665 2470 710 2524 37.
737 2489 834 2538 quam
858 2477 1024 2524 maximus
1043 2491 1072 2519 =
1091 2484 1225 2539 quantus;

116 2531 143 2579 de
161 2536 333 2602 uitdruklring
349 2540 372 2588 is
390 2540 529 2588 zeldzaam.
556 2541 586 2588 ln
604 2555 654 2589 een
671 2541 806 2604 fragment
823 2557 874 2591 van
891 2542 992 2591 Ennius
1008 2542 1043 2606 bij
1062 2542 1129 2592 Non.
1147 2540 1223 2603 (ele,

114 2596 142 2646 1⁸2
156 2600 198 2664 M.)
215 2605 319 2654 hebben
337 2605 369 2653 de
388 2607 603 2655 handschriften:
622 2622 721 2670 „quam
738 2609 886 2657 maximum
904 2609 970 2658 mihi
988 2610 1066 2658 hodie
1083 2610 1224 2673 contigerit

115 2669 226 2719 malum.'’
243 2697 277 2705 -
295 2672 337 2720 Na
353 2672 393 2720 dit
410 2688 447 2722 vs.
466 2673 561 2736 volgen
578 2674 607 2721 in
624 2675 752 2738 sommige
770 2675 896 2738 uitgaren
913 2680 981 2724 twee
998 2691 1063 2739 sss,
1086 2678 1127 2725 die
1145 2677 1172 2725 in
1190 2679 1226 2725 de

115 2730 240 2787 haudschr.
265 2739 322 2787 niet
344 2738 517 2788 voorlsornen:
541 2741 588 2803 qui
612 2755 661 2789 sua
684 2741 814 2803 disposuit
836 2756 884 2804 per
906 2747 1038 2805 tempora,
1063 2745 1169 2806 cognita
1192 2748 1223 2792 ut

114 2807 190 2852 essent
205 2801 215 2866 l
230 2805 356 2854 omnibus
372 2811 401 2853 et
418 2807 511 2855 mundi
529 2807 609 2855 iacies
626 2809 785 2871 caelumque
803 2823 957 2870 supernum.
975 2835 1009 2843 -
1025 2805 1072 2859 4⁰.
1096 2809 1156 2858 Zin:
1180 2811 1225 2858 die

114 2869 186 2917 nude
202 2871 315 2933 godheid
334 2877 390 2920 met
406 2873 439 2921 de
458 2873 567 2936 boogste
584 2874 675 2922 macht
686 2874 799 2924 belleed
811 2875 870 2939 rijn.
882 2901 916 2909 -
928 2871 976 2925 45.
993 2890 1060 2938 qua
1077 2877 1225 2925 mundus

114 2934 205 2999 redit,
222 2938 246 2987 d.
256 2940 273 2987 i.
291 2953 365 2986 wear
382 2939 414 2987 de
430 2940 529 2988 wereld
545 2941 590 2989 des
603 2955 726 3003 mergens
737 2943 776 2991 als
789 2942 877 2990 nieuw
890 2942 1005 3005 geboren
1016 2943 1179 3005 terugkeert.
1189 2968 1222 2977 -

113 2993 289 3053 tonantius
306 3005 392 3054 houdt
409 3007 513 3055 terecht
530 3021 592 3055 voor
609 3009 641 3056 de
657 3014 744 3057 eerste
761 3014 931 3057 astronomen
949 3008 981 3057 de
999 3008 1171 3071 Babyloniers
1187 3025 1222 3058 en

112 3065 155 3115 dan
176 3069 207 3119 de
229 3071 449 3135 Aegyptenuren3
473 3088 588 3122 waarom
613 3073 648 3136 hij
671 3080 742 3123 eerst
758 3076 790 3123 de
809 3075 942 3138 loningen
960 3082 1051 3124 noemt
1067 3089 1101 3123 en
1118 3077 1170 3124 dan
1188 3077 1224 3124 de

111 3133 222 3191 priesters
244 3138 267 3186 is
292 3138 398 3187 minden
414 3139 557 3204 duidelijk3
581 3141 788 3205 waarscliijnlijk
805 3141 897 3191 berust
913 3142 976 3190 deze
993 3144 1119 3205 meening
1135 3145 1221 3191 alleen

110 3212 137 3259 ou
158 3202 269 3267 hetgeen
294 3204 330 3268 hij
356 3212 416 3268 zegt
437 3206 466 3253 in
489 3221 525 3254 vs,
551 3205 596 3267 tt,
619 3208 676 3256 niet
698 3223 732 3269 op
752 3209 845 3271 eenige
863 3209 1018 3258 historische
1034 3209 1221 3274 overlevering.

111 3263 154 3330 Wij
178 3275 264 3320 weten
291 3272 385 3320 echter
408 3272 455 3320 dat
476 3273 505 3320 in
529 3273 647 3335 Babylon
671 3274 703 3322 de
727 3274 861 3338 koningen
884 3276 994 3339 tegelijk
1016 3277 1225 3339 opperpriesters

110 3334 300 3388 waren-47.
319 3338 355 3386 in
372 3338 513 3400 publica
530 3344 620 3389 vota:
638 3346 665 3388 te
683 3341 829 3390 verbinden
844 3347 900 3391 met
917 3339 1157 3394 delecti-48.
1174 3344 1221 3392 of·

111 3396 194 3452 licio:
211 3405 280 3454 door
297 3405 412 3454 butenen
428 3406 532 3467 dicuat,
549 3406 581 3454 de
598 3408 781 3469 waarneming
798 3423 848 3456 van
867 3409 924 3457 hun
941 3410 1028 3472 ambt,
1045 3410 1157 3460 boeiden
1175 3411 1223 3475 zij,

110 3462 129 3511 d.
144 3467 160 3514 i.
175 3472 336 3520 verwierven
354 3471 385 3536 zij
404 3471 437 3520 de
455 3478 537 3534 gunst
555 3487 605 3521 van
623 3474 655 3521 de
672 3475 793 3537 godbeid.
811 3500 844 3508 —
861 3471 907 3526 5⁰.
932 3477 1032 3526 tulit:
1056 3480 1142 3527 zooals
1158 3493 1220 3527 men

110 3539 171 3595 zegt:
193 3537 246 3586 via
269 3539 283 3587 f
287 3542 341 3586 ert
363 3538 455 3601 aliquo
472 3541 542 3601 loco,
565 3540 599 3588 de
615 3554 671 3601 wey
689 3541 755 3588 leidt
772 3555 868 3603 eryem
885 3543 966 3606 been,
983 3558 1028 3592 roc
1046 3545 1068 3593 is
1085 3545 1132 3594 het
1150 3546 1222 3594 hier:

109 3597 137 3646 de
151 3603 263 3662 yodheid
280 3604 339 3665 zelf
352 3605 419 3653 leidt
435 3605 478 3667 in,
496 3612 571 3655 voert
588 3612 627 3655 tot
640 3608 673 3655 de
685 3607 813 3669 godheid,
830 3614 869 3657 tot
879 3611 912 3657 de
925 3611 1021 3659 tennis
1032 3627 1086 3660 van
1099 3612 1144 3662 bet
1155 3614 1221 3673 you-

108 3664 180 3729 del'y'k
197 3685 281 3720 mezen
286 3686 298 3732 ,·
315 3670 351 3734 bij
370 3672 433 3719 deze
450 3671 622 3734 beeldspraali
641 3677 699 3736 past
717 3672 769 3720 dan
786 3674 836 3722 coli
850 3675 897 3724 het
908 3677 1037 3739 volgende
1052 3680 1174 3741 patuit
1187 3705 1222 3713 -

108 3725 140 3780 51.
155 3739 287 3786 tantum
306 3751 442 3786 movere
459 3739 574 3787 decus:
593 3740 733 3801 bayonnen
746 3743 875 3790 anezan·
888 3756 951 3791 eene
965 3744 1222 3807 contuemur.—

107 3792 146 3848 52.
161 3802 337 3853 sideribus
351 3842 356 3852 .
368 3841 374 3853 .
388 3804 497 3867 vagis:
514 3821 568 3854 uun
584 3805 618 3854 de
633 3808 770 3869 planeten.
784 3831 819 3840 -
833 3804 877 3858 53.
895 3809 934 3857 De
951 3813 1102 3874 astrologen
1119 3813 1221 3860 zouden

37 3866 38 3875 ¹
107 3863 149 3914 dus
169 3868 244 3934 langs
261 3871 314 3920 den
334 3885 393 3933 weg
410 3885 461 3918 ran
478 3872 595 3921 inductio
612 3870 801 3935 (opklimming
818 3889 867 3923 van
887 3875 933 3923 het
950 3876 1099 3940 bijzondere
1116 3883 1157 3926 tot
1175 3880 1221 3926 liet
