2850 4409
623 177 677 234 157

250 362 377 437 plurima
396 362 474 420 lecta
494 379 561 419 rosa
581 367 643 433 est,
665 367 736 419 suut
756 366 788 419 54
808 359 873 418 5155
893 360 1012 419 555155
1032 361 1129 418 flores.

290 441 355 518 ipsa
375 459 478 500 crocos
497 447 605 501 tenues
624 440 748 517 liliaque
768 440 835 499 alba
855 440 938 515 legit.

252 521 391 598 carpendi
412 521 512 580 studio
532 520 676 598 paulatim
696 520 816 596 longius
835 520 911 592 itur,

291 609 322 661 et
342 601 492 660 dominam
513 620 584 660 5555
605 601 688 660 55115
709 608 812 660 secuta
832 618 940 659 comes.

182 681 234 739 445
253 682 327 740 5555
347 681 431 740 videt
451 689 482 740 et
502 681 597 740 risam
618 687 743 758 patruus
763 680 907 739 velociter
925 681 1038 752 aufert,

292 779 442 838 regnaque
463 762 608 821 caeruleis
629 762 661 819 in
682 778 736 818 sua
756 766 855 836 portat
875 761 970 837 equis.

252 842 303 900 illa
324 840 446 918 quidem
467 842 613 901 clamabat
633 841 694 914 „io,
716 839 869 899 carissima
890 846 999 913 mater,

291 921 445 980 auieror!'’
466 921 532 998 ipsa
553 939 623 980 suos
644 920 871 997 abscideratque
893 920 985 978 sinus.

253 1001 394 1077 panditur
412 1001 527 1061 interea
548 1001 610 1060 Diti
632 1001 687 1059 ria.
709 1019 838 1077 namque
859 1000 999 1058 diurnum

181 1081 234 1138 4511
292 1082 394 1141 15555
415 1081 562 1140 inadsueti
584 1082 637 1140 vix
658 1081 814 1157 patiuntur
834 1080 912 1158 equi.

253 1167 283 1219 at
302 1163 411 1220 chorus
430 1161 577 1238 aequalis,
599 1162 767 1221 cumulatae
787 1162 860 1219 flore
880 1161 1048 1233 ministrae,

294 1242 536 1317 „Persephone,'‘
559 1243 690 1301 clamant
711 1242 767 1314 „ad
787 1246 837 1299 tua
861 1241 937 1298 dona
957 1240 1062 1299 veni!'’

254 1327 287 1378 ut
307 1322 435 1380 clamata
456 1321 539 1394 silet,
562 1327 678 1381 montes
699 1321 864 1380 ululatibus
884 1320 1026 1397 implent,

293 1407 323 1460 et
342 1401 455 1460 feriunt
474 1408 604 1461 maestae
626 1408 745 1478 pectora
766 1402 846 1459 nuda
866 1418 980 1459 manus.

182 1480 235 1538 455
254 1481 377 1539 54455145
397 1487 444 1539 554
464 1483 606 1557 plangore
627 1482 732 1552 Ceres,
754 1482 853 1557 (modo
873 1487 995 1540 venerat
1015 1480 1163 1553 Hennam)

292 1578 348 1620 neo
369 1579 464 1634 mora,
486 1580 551 1633 „me
572 1562 726 1621 miseram!
750 1561 845 1633 filia‚”
868 1560 946 1619 dixit
967 1560 1036 1633 „nbi
1056 1558 1143 1619 est?''

255 1640 364 1699 mentis
384 1641 471 1717 inops
492 1642 621 1718 rapitur,
643 1643 748 1718 quales
768 1640 872 1699 audire
893 1641 1024 1699 solemus

294 1721 450 1779 Threicias
469 1722 546 1780 45515
567 1722 726 1781 maenadas
747 1721 791 1780 ire
812 1721 912 1780 comis.

254 1808 288 1858 54
307 1801 403 1860 vitulo
424 1802 521 1877 mugit
542 1820 595 1860 sua
617 1808 711 1861 mater
732 1803 768 1860 ab
789 1803 880 1860 ubere
901 1807 1001 1875 rapto,

182 1880 235 1938 460
295 1887 326 1939 54
346 1881 464 1958 quaerit
483 1883 581 1941 155455
603 1900 657 1958 per
676 1900 783 1940 nemus
803 1899 890 1940 omne
911 1898 996 1938 suos:

256 1961 299 2019 sic
319 1962 383 2020 dea.
405 1979 461 2020 555
481 1962 591 2020 retinet
610 1962 756 2037 gemitus,
778 1970 809 2020 54
829 1960 944 2020 concita
964 1978 1054 2018 eursu

295 2042 391 2100 fertur
411 2051 479 2100 ete
500 2042 614 2117 campis
634 2042 755 2117 incipit,
777 2041 897 2112 Henna,
919 2039 988 2098 tuis,

255 2121 324 2180 inde
345 2122 488 2198 puellaris
509 2129 595 2180 nacta
615 2127 662 2180 est
684 2121 809 2196 vestigia
829 2122 962 2197 plantae,

295 2208 326 2260 et
347 2220 480 2277 pressam
502 2208 571 2261 5545
591 2202 723 2278 pondere
744 2201 820 2260 vidit
840 2202 973 2259 humum.

183 2281 236 2338 465
255 2281 378 2340 forsitan
399 2282 452 2340 illa
472 2282 537 2340 dies
558 2281 667 2340 erroris
688 2299 804 2339 summa
824 2281 946 2354 fuisset,

296 2362 321 2420 si
342 2380 401 2419 non
422 2363 594 2421 turbassent
614 2361 698 2436 signa
719 2368 837 2437 reperta
858 2378 936 2419 sues.

255 2441 374 2518 iamque
396 2442 556 2501 Leontinos
577 2443 789 2517 Amenanaque
809 2441 932 2498 flumina
952 2458 1043 2498 eursu

295 2522 440 2598 praeterit
460 2528 491 2580 54
511 2522 605 2598 ripas,
627 2521 758 2580 herbifer
779 2520 851 2592 Aci,
873 2528 955 2578 tuas:

255 2601 399 2677 praeterit
418 2608 450 2660 et
471 2601 592 2675 Cyanen
613 2608 644 2660 54
664 2603 762 2660 155455
782 2601 859 2660 15515
880 2600 976 2676 Anapi

117 2740 257 2753 ἣκ-

117 2841 176 2878 naar
191 2832 218 2896 zij
236 2834 263 2882 15
281 2834 331 2882 555
347 2830 432 2895 Bijbel
443 2830 572 2893 genoemd
585 2831 684 2892 werdt,
701 2831 724 2878 is
737 2831 763 2879 in
776 2832 808 2879 de
821 2829 1047 2892 Statenvertaling
1060 2831 1106 2879 554
1119 2832 1218 2879 woord:

117 2893 214 2948 1155515
229 2899 383 2958 55555555;
402 2898 428 2946 15
447 2898 480 2946 55
497 2899 598 2947 twaede
617 2899 702 2960 plaats
720 2897 767 2945 het
784 2897 960 2946 welrielrende
974 2896 1218 2959 nt'y'fviaperkruid,

117 2960 154 3011 dat
173 2965 227 3014 hier
247 2967 358 3016 5555515
382 2970 454 3013 45554
477 2964 536 3028 zijn.
553 2990 586 2999 -
604 2965 801 3012 meliloton:
827 2964 1003 3013 melilotos
1025 2964 1048 3012 is
1065 2977 1131 3011 eene
1148 2969 1220 3012 saort

117 3042 157 3079 van
173 3032 273 3082 kmoer:
290 3033 468 3082 steenklaoer.
485 3057 518 3066 -
535 3027 602 3082 445.
625 3035 784 3093 patruus,
802 3031 847 3079 Dis
864 3031 893 3079 of
908 3030 986 3079 Pluto
1004 3026 1164 3092 (Πλούτων),
1187 3029 1219 3078 55

117 3092 210 3147 1555555
224 3115 274 3149 van
293 3100 425 3161 luppiter,
445 3114 497 3147 was
514 3098 547 3147 55
563 3113 623 3147 oum
642 3112 692 3146 van
711 3097 866 3159 Proserpina
884 3092 1074 3160 (Περσεφόνη),
1098 3109 1170 3145 want
1187 3096 1217 3160 zij

117 3174 161 3212 was
180 3166 209 3214 de
231 3167 342 3216 dochter
364 3180 414 3214 van
439 3165 557 3227 luppiter
579 3180 612 3213 en
637 3163 723 3213 Ceres.
742 3189 774 3197 -
791 3160 858 3214 448.
885 3164 1164 3226 abscideratque:
1191 3164 1219 3211 in

117 3229 188 3288 515545
203 3248 266 3282 van:
288 3235 398 3297 ipsaque
415 3246 477 3281 suos
494 3232 548 3281 abs.
566 3232 628 3293 sin,
653 3232 699 3279 het
716 3232 914 3292 openscbeuren
933 3246 983 3279 van
1002 3232 1048 3279 het
1065 3230 1141 3278 kleed
1159 3245 1221 3278 orer

116 3293 142 3343 de
161 3297 229 3348 borst
248 3315 303 3350 was
320 3314 369 3349 een
387 3299 484 3348 teeken
502 3313 552 3347 555
570 3297 658 3347 schrik
677 3313 709 3346 en
728 3298 804 3346 droef
808 3298 882 3360 5515,
905 3299 993 3347 vooral
1011 3297 1045 3361 bij
1064 3297 1096 3345 de
1114 3295 1220 3346 Ooster·

116 3359 318 3426 115555-451.
336 3366 463 3415 chorus
480 3379 516 3413 ae
549 3366 653 3413 ualis:
670 3366 698 3413 in
716 3365 801 3425 plaats
818 3379 869 3413 van
886 3365 927 3413 55.
945 3364 1158 3427 aequalium,
1175 3366 1221 3413 dat

117 3426 158 3492 zijn
178 3433 208 3481 55
230 3434 422 3483 ministrae.
440 3457 473 3465 -
490 3381 556 3482 455.
583 3430 779 3493 maenadas,
805 3427 942 3492 μαινάδες,
966 3432 998 3480 55
1016 3445 1156 3494 vrouwen,
1179 3432 1221 3480 die

117 3492 220 3549 Bacchus
242 3503 351 3565 volgen,
374 3501 425 3562 agl.
444 3496 499 3547 Cat.
517 3497 608 3560 LXlV,
626 3497 684 3546 555.
701 3522 735 3529 -
752 3493 817 3548 466.
844 3512 934 3547 sues:
959 3498 991 3545 55
1009 3497 1134 3561 zwijnen,
1158 3499 1223 3547 daar

117 3566 546 3628 455515555554555555551555,
564 3579 653 3613 waren
671 3563 794 3627 vijanden
815 3579 864 3612 ran
883 3563 968 3612 Ceres.
985 3590 1019 3598 -
1036 3559 1101 3614 467.
1120 3567 1222 3614 Leon-

117 3629 207 3682 tinos:
230 3634 366 3696 Leontini,
387 3647 453 3681 eene
471 3631 529 3681 stad
547 3631 651 3681 bekend
669 3631 710 3679 514
728 3631 778 3679 555
797 3632 1052 3692 Peloponnesischeu
1069 3635 1172 3694 oorlog,
1190 3634 1222 3680 55

117 3696 311 3763 geboorteplaats
327 3715 379 3749 van
397 3699 448 3748 den
465 3699 567 3760 sophist
584 3697 704 3760 Gorgias,
731 3699 774 3760 lag
791 3704 837 3747 ten
855 3698 886 3746 N.
907 3698 946 3748 W.
964 3713 1016 3746 van
1034 3697 1172 3761 Syracuse.
1190 3724 1223 3731 —

118 3761 273 3817 4555555
287 3807 292 3817 .
304 3806 310 3817 .
323 3768 395 3829 Aci,
414 3767 525 3814 rivieren
543 3780 575 3827 op
593 3765 625 3813 de
642 3766 764 3813 oostkust
781 3780 828 3813 ran
843 3764 937 3814 Sicilie.
949 3790 982 3797 —
993 3760 1058 3815 469.
1077 3764 1222 3829 Cyanen:

117 3827 143 3876 de
159 3830 243 3895 Cyane
260 3837 282 3884 is
299 3849 350 3884 een
367 3833 449 3894 beck,
467 3833 508 3880 die
527 3832 582 3880 rich
601 3832 710 3880 uitstort
726 3831 754 3878 in
773 3832 823 3881 den
842 3832 961 3893 Anapus,
980 3831 1022 3879 die
1039 3833 1067 3880 in
1085 3832 1117 3880 de
1133 3836 1223 3895 groote

119 3893 191 3947 baren
215 3916 264 3950 van
289 3901 380 3964 Syrac.
407 3901 525 3960 uitloopt.
544 3924 577 3932 —
594 3893 659 3948 47⁰.
687 3896 782 3946 Gela:
809 3899 840 3946 55
867 3897 945 3945 Gelas
971 3897 992 3945 is
1017 3912 1066 3946 555
1094 3899 1223 3958 riviertje,
