2850 4409
738 156 794 214 162

403 361 565 421 aequoreas
585 362 748 419 numquam
769 361 838 401 oum
859 343 991 402 subeatis
1011 343 1131 419 aquas),

362 425 574 500 Persephonen
594 428 694 481 natam
715 423 842 481 miserae
863 428 1025 481 monstrate
1046 422 1202 498 parenti!’'

283 505 342 563 580
402 503 528 562 dixerat.
550 503 620 561 huie
640 503 745 562 Heliee
765 502 836 561 talia
856 504 946 561 verba
966 503 1074 561 refert:

364 583 505 659 „erimine
525 601 586 641 nox
607 601 700 642 vaona
721 589 783 658 est,
805 583 905 641 Solem
925 582 964 641 de
985 582 1100 657 virgine
1121 588 1206 657 rapta

402 663 539 729 eonsule,
561 662 613 739 qui
633 663 693 721 late
713 663 792 721 faeta
813 662 919 720 diurna
938 661 1050 721 videt.”

363 743 414 802 Sol
434 742 534 801 aditus
555 761 662 820 „quam
684 742 836 819 quaene,'’
857 741 900 799 ait
920 760 976 814 „ne
999 760 1073 799 vana
1092 742 1227 813 laboreS,

402 829 495 899 nupta
516 822 596 881 Iovis
616 822 701 880 fratri
723 822 812 880 tertia
832 839 923 895 regna
944 821 1056 880 tenet.’'

284 904 342 961 585
363 908 469 979 questa
490 902 542 959 diu
564 920 667 960 seeum
690 902 734 960 sie
754 908 801 960 θεῖ
820 901 920 960 adfata
941 901 1119 972 Tonantem,

403 982 592 1058 maximaque
613 981 644 1039 in
665 982 752 1040 mlltu
774 981 858 1056 signa
878 980 1008 1040 dolentis
1029 987 1129 1039 erant:

362 1062 406 1135 „si
427 1079 540 1120 memor
559 1079 607 1133 es,
629 1061 667 1119 de
687 1079 746 1137 quo
766 1061 840 1119 mihi
862 1061 901 1119 sit
921 1061 1100 1137 Proserpina
1120 1067 1204 1131 nata,

403 1140 560 1200 dimidium
581 1159 669 1199 curae
691 1142 780 1200 debet
801 1142 909 1200 habere
930 1148 1007 1199 tuae.

362 1222 432 1279 orbe
453 1228 604 1297 pererrato
625 1220 688 1278 sola
708 1226 755 1279 est
775 1221 884 1279 iniuria
903 1221 974 1279 faeti

282 1302 340 1359 590
400 1300 533 1376 cognita:
555 1300 705 1359 commissi
727 1301 859 1376 praemia
879 1307 980 1376 raptor
1000 1302 1096 1359 habet.

361 1386 392 1439 at
412 1398 509 1457 neque
529 1380 721 1456 Persephone
741 1380 832 1456 digna
851 1389 899 1439 est
919 1380 1068 1456 praedone
1089 1379 1211 1450 marito,

400 1479 457 1520 neo
478 1478 571 1535 gener
592 1461 647 1518 hoe
667 1460 753 1519 nobis
774 1478 855 1519 more
876 1460 1025 1536 parandus
1046 1465 1117 1518 erat.

317 1604 319 1607 ,
361 1539 434 1616 quid
455 1540 576 1615 gravius
598 1540 709 1599 vietore
731 1539 817 1615 Gyge
838 1541 955 1616 captiva
976 1539 1129 1610 tulissem,

401 1639 491 1697 qnam
513 1638 592 1678 nune
612 1630 642 1679 te
664 1620 741 1678 eaeli
763 1628 879 1696 sceptra
900 1626 1028 1680 tenente
1041 1619 1118 1678 tuli?

282 1701 341 1757 595
362 1718 466 1758 verum
487 1700 610 1775 impune
630 1700 720 1772 ierat,
742 1717 796 1757 nos
818 1701 891 1758 haee
910 1700 1059 1775 patiemur
1078 1699 1209 1757 inultae:

402 1780 520 1851 reddat,
541 1787 571 1839 et
592 1780 732 1838 emendet
751 1780 828 1838 faeta
849 1780 947 1855 priora
968 1779 1081 1838 novis.”

361 1859 497 1936 Iuppiter
518 1862 593 1919 hane
614 1859 703 1931 lenit,
725 1861 897 1936 factumque
918 1866 1043 1918 excusat
1063 1876 1177 1930 amore,

401 1958 474 2012 „nee
494 1958 586 2015 gener
606 1946 653 1997 est
673 1939 758 1997 nobis
778 1940 830 1998 ille
851 1939 1030 2015 pudendus'’
1052 1939 1101 1998 ait.

361 2038 437 2093 „non
457 2038 512 2095 ego
533 2019 673 2078 nobilior:
695 2020 793 2094 posita
814 2026 860 2077 est
882 2019 954 2077 mihi
976 2018 1057 2094 regia
1077 2020 1174 2092 mele,

281 2101 339 2157 600
400 2100 535 2175 possidet
554 2100 630 2158 alter
650 2117 755 2175 aquae,
776 2100 853 2158 aiter
873 2099 961 2158 inane
982 2100 1081 2159 ehaos

361 2180 414 2238 sed
436 2180 461 2237 si
482 2180 558 2238 sorte
578 2178 631 2237 tibi
654 2197 712 2237 non
733 2185 780 2238 est
801 2179 943 2238 mutabile
964 2186 1085 2255 peetuS,

401 2266 520 2335 statque
541 2259 634 2318 semei
655 2259 749 2317 iuneti
770 2277 909 2335 rumpere
930 2259 1028 2318 vinela
1049 2258 1121 2330 tori,

360 2341 416 2398 hoe
436 2358 555 2415 quoque
575 2345 772 2415 temptemus,
794 2339 943 2415 siquidem
963 2339 1062 2398 ieiuna
1083 2339 1243 2412 remansit,

401 2419 426 2477 si
447 2419 563 2488 minue,
583 2418 692 2477 inferni
713 2418 849 2493 coniugis
870 2437 947 2477 uxor
967 2419 1053 2478 erit.’'

281 2500 339 2556 605
361 2499 481 2557 Tartara
501 2499 603 2557 iussus
623 2498 687 2556 adit
707 2499 836 2575 sumptis
858 2498 1016 2558 Caducifer
1035 2499 1108 2570 alis,

400 2596 513 2655 speque
533 2578 612 2637 redit
632 2578 721 2637 citius
742 2579 865 2655 visaque
885 2585 966 2637 oerta
986 2580 1092 2639 refert:

360 2666 461 2733 „rapta
482 2658 596 2718 tribus”
618 2659 697 2716 dixit
718 2658 826 2731 „solvit
845 2658 957 2717 ieiunia
977 2659 1093 2734 granio,

400 2739 512 2797 Punioa
532 2757 608 2815 quae
629 2738 710 2796 lento
732 2739 841 2797 eortiee
861 2757 949 2814 poma
970 2738 1104 2814 tegunt.⁷'

198 2933 263 2988 578.
290 2939 327 2986 De
352 2937 454 3001 anen
478 2939 506 2986 of
529 2935 625 2986 Groote
648 2938 714 2986 Beer
734 2943 797 3001 gant
814 2940 870 2987 niet
887 2940 981 3003 onder,
1006 2942 1070 2989 daar
1088 2940 1124 3004 hij
1144 2942 1219 2989 dicht
1235 2938 1266 3002 bij
1286 2939 1319 2985 de

199 3004 346 3068 Noordpooi
371 3010 448 3053 staat.
466 3030 500 3039 -
517 3000 582 3055 580.
610 3004 743 3084 Helice,
762 3005 794 3053 de
817 3011 907 3068 groote
932 3007 1010 3066 Beer,
1032 3002 1105 3069 παρὰ
1126 3004 1155 3055 τὸ
1173 3000 1318 3055 ἑλίσσεσθαι

198 3067 244 3119 καὶ
269 3066 431 3134 στρέφεσθαι
456 3067 516 3134 περὶ
539 3066 584 3118 τὸν
605 3068 699 3128 πόλον,
727 3087 783 3133 ntor
806 3068 897 3129 ἄξονα.
922 3099 955 3106 -
977 3070 1043 3125 584.
1070 3076 1179 3124 tertia
1204 3085 1318 3135 regna,

199 3139 248 3194 vul.
268 3153 324 3201 pag.
343 3136 390 3199 98,
409 3153 444 3187 vs.
463 3137 496 3186 99
513 3143 584 3187 aaut.
599 3163 632 3171 —
647 3134 711 3188 587.
731 3138 885 3201 Proserpina
903 3140 977 3188 heeft
993 3142 1112 3204 Iuppiter
1129 3147 1170 3190 tot
1187 3140 1270 3189 rader.
1285 3162 1318 3170 -

197 3201 262 3255 589.
281 3206 412 3255 iniuria
430 3205 528 3254 faeti:
547 3205 579 3253 de
597 3206 854 3268 onrechtmatigheid
873 3221 924 3255 van
942 3208 989 3255 het
1004 3208 1054 3256 seit
1069 3209 1157 3257 aileen
1170 3210 1192 3257 is
1204 3204 1317 3264 behend,

199 3288 232 3319 m.
245 3287 268 3320 a.
283 3287 315 3320 w.
333 3272 359 3320 ik
379 3272 428 3320 ben
448 3273 517 3321 niets
535 3273 626 3320 verder
643 3271 787 3334 gehomen,
805 3272 855 3320 den
874 3273 956 3322 darier
973 3274 1024 3323 heb
1042 3276 1069 3322 ih
1087 3276 1145 3324 niet
1157 3273 1271 3323 ontdekt
1284 3296 1318 3303 -

198 3334 262 3388 599.
281 3338 499 3387 commissum
516 3339 539 3388 is
551 3353 601 3387 een
613 3338 775 3387 substantief
784 3340 937 3402 geworden,
955 3342 1004 3390 ook
1017 3341 1045 3389 in
1059 3356 1151 3403 proza,
1166 3341 1268 3390 evenals
1280 3336 1315 3399 bij
1396 3373 1397 3376 ,

198 3419 246 3453 ons
265 3404 376 3468 bedm'jf,
395 3404 526 3467 misdm'jf.
545 3431 577 3438 —
594 3401 657 3455 593.
681 3403 786 3468 Gyge:
805 3404 876 3469 Gyes
892 3407 922 3455 of
937 3406 1037 3471 GygeS,
1056 3423 1105 3456 een
1123 3409 1172 3458 der
1190 3403 1316 3457 honderd-

198 3472 298 3533 armige
316 3486 397 3520 zonen
416 3486 467 3520 van
486 3472 591 3521 Uranus
608 3486 642 3520 en
659 3471 744 3533 Gaea,
769 3472 827 3521 hier
844 3474 994 3522 verwisseld
1011 3479 1067 3523 met
1084 3475 1117 3524 de
1134 3476 1257 3534 Titanen,
1274 3469 1316 3518 die

197 3538 248 3585 den
266 3538 354 3586 hemel
371 3538 531 3588 bestormen.
549 3539 587 3587 De
605 3539 645 3586 zin
662 3540 685 3588 is
700 3538 763 3587 dus:
782 3554 907 3588 wanneer
918 3540 946 3588 ih
959 3543 998 3590 als
1011 3541 1182 3606 hemelgodin
1195 3541 1272 3591 onder
1283 3537 1315 3584 de

198 3604 288 3651 maeht
299 3618 350 3652 van
363 3602 420 3666 Gye
433 3605 563 3666 gekomen
577 3619 658 3668 ware,
669 3606 696 3654 in
709 3606 794 3668 plaats
806 3621 856 3655 van
868 3608 951 3655 onder
963 3608 995 3656 de
1008 3623 1076 3657 nive.
1085 3634 1119 3643 —
1129 3606 1194 3661 596.
1212 3606 1314 3664 novis,

198 3670 233 3716 nl.
251 3669 335 3718 factis.
353 3696 386 3703 -
404 3665 467 3720 6⁰3.
486 3672 605 3720 ieiuna
622 3673 804 3735 remansit,
821 3675 878 3722 niet
895 3681 1008 3736 pepeten
1027 3675 1108 3737 heeft.
1124 3702 1158 3711 —
1176 3673 1238 3727 695.
1255 3672 1314 3721 Ca·

199 3735 349 3797 ducifer,
368 3736 527 3799 Mercurius,
545 3739 578 3785 de
595 3738 660 3786 bode
678 3739 726 3787 der
738 3740 837 3802 goden,
855 3740 897 3788 die
909 3755 958 3789 een
971 3742 1038 3790 stat
1048 3741 1116 3802 (met
1128 3749 1197 3792 twee
1209 3745 1312 3802 slangen

194 3801 366 3863 omwonden)
382 3804 409 3851 in
428 3804 460 3852 de
480 3805 550 3852 hand
568 3805 681 3868 draagt
696 3820 729 3854 en
743 3808 861 3868 vleugets
873 3821 922 3855 ann
935 3808 986 3871 zijn
998 3809 1092 3858 enkels
1105 3810 1159 3859 han
1172 3810 1271 3860 binden.
1281 3831 1314 3838 -

196 3863 260 3919 697.
279 3871 412 3931 graniS,
430 3885 480 3918 van
499 3872 549 3918 den
568 3871 770 3934 granaatboom,
787 3888 837 3922 een
854 3874 974 3935 symbool
992 3889 1042 3923 van
1061 3876 1109 3925 het
1127 3876 1257 3940 huweiijk.
1273 3873 1311 3936 Bij
