2850 4409
641 191 678 248 21

203 376 240 433 15
260 380 395 434 naturam
415 394 532 447 rerum,
554 376 654 434 divina
674 381 775 435 mente
795 381 909 448 ooorta,

261 455 422 531 diffugiunt
442 455 534 514 animi
555 463 697 529 terroreS,
720 456 836 515 moenia
856 456 960 514 mimdi

261 536 434 608 discedunt,
456 541 553 594 totum
574 536 661 594 video
682 554 737 612 per
756 536 844 595 inane
864 536 928 611 geri
949 553 1006 595 res.

260 623 383 691 apparet
403 615 508 674 divum
528 634 639 675 numen
661 616 808 692 sedesque
829 616 962 692 quietae,

260 713 335 771 quas
355 714 453 772 neque
473 696 650 755 eonoutirmt
671 696 753 755 venti
773 714 829 755 neo
849 695 951 754 nubila
971 695 1080 755 nimbis

201 776 238 833 20
259 782 423 852 aspergunt
443 794 540 852 neque
561 776 614 834 nix
634 776 696 834 aori
716 782 854 835 concreta
873 776 981 851 pruina

259 874 333 914 oana
352 856 462 915 cadens
482 857 575 915 violat
596 874 773 932 semperque
793 855 947 914 innubilus
967 856 1071 914 aether

259 936 382 1010 integit,
403 942 434 995 et
454 936 536 1011 large
558 936 668 995 diffuso
688 935 801 995 lumine
823 935 938 994 rident:

259 1016 358 1074 omnia
379 1016 552 1092 suppeditat
571 1034 658 1092 porro
679 1023 799 1089 natura,
824 1034 920 1092 neque
941 1016 1003 1073 ulia

257 1113 308 1154 res
329 1095 419 1154 animi
440 1114 544 1172 paoem
565 1096 678 1156 delibat
698 1101 831 1171 tempore
852 1096 884 1153 in
904 1096 974 1154 ullo.

199 1176 236 1234 25
257 1180 291 1233 at
311 1181 412 1236 oontra
432 1194 581 1252 nusquam
601 1182 746 1252 apparent
766 1176 932 1234 Acherusia
952 1176 1080 1251 templa,

257 1273 315 1314 neo
335 1256 426 1315 tellus
448 1257 545 1315 obstat
566 1255 639 1331 quin
660 1255 758 1313 omnia
779 1255 992 1331 dispiciantur,

258 1337 315 1394 suh
336 1336 464 1411 pedihus
485 1354 690 1412 quaeoumque
710 1336 789 1394 infra
809 1354 863 1410 per
882 1336 970 1394 inane
990 1342 1144 1410 geruntur.

256 1414 307 1473 his
327 1416 369 1474 ibi
390 1433 437 1474 me
458 1417 548 1474 robus
569 1416 716 1492 quaedam
737 1415 839 1473 divina
860 1415 997 1491 voluptas

256 1495 388 1572 percipit
408 1496 506 1573 adque
527 1496 645 1570 horror,
667 1496 748 1573 quod
769 1496 813 1554 sio
833 1503 938 1554 natura
958 1503 1010 1553 tua
1030 1495 1061 1553 ri

197 1577 235 1634 30
256 1583 319 1634 tam
342 1576 498 1636 manifesta
518 1584 624 1652 patens
645 1595 684 1635 ex
705 1576 785 1634 omni
806 1581 890 1651 parte
910 1582 1025 1635 retecta
1045 1580 1099 1634 est.

297 1656 338 1714 Et
358 1656 499 1732 quoniam
521 1657 623 1726 dooui,
646 1663 822 1715 ounotarum
844 1656 967 1714 exordia
987 1673 1087 1715 rerum

257 1736 360 1813 qualia
381 1736 442 1795 sint
462 1745 493 1795 et
514 1755 602 1813 quam
624 1735 714 1794 variis
736 1736 878 1794 distantia
897 1736 1001 1794 formis

256 1826 364 1893 sponte
386 1834 440 1875 sua
460 1816 586 1875 volitent
607 1823 727 1875 aeterno
747 1816 863 1892 percita
883 1823 981 1889 motu,

256 1915 356 1973 quove
376 1897 464 1954 modo
484 1897 601 1972 possint
621 1914 670 1955 res
690 1915 730 1955 ex
751 1897 798 1955 his
819 1914 956 1972 quaeque
977 1896 1086 1968 creari,

197 1979 235 2035 35
257 1977 349 2035 hasce
371 1977 537 2036 seeundum
557 1994 606 2035 res
626 1976 718 2035 animi
739 1983 844 2035 natura
865 1976 984 2034 videtur

255 2063 348 2133 atque
369 2057 484 2116 animae
505 2057 644 2116 claranda
664 2056 740 2116 meis
760 2057 820 2115 iam
840 2056 977 2115 versibus
997 2073 1080 2128 esse,

107 2207 255 2220 ᾗ*

108 2308 150 2369 vgl.
171 2310 194 2372 l,
217 2308 274 2360 732.
293 2337 329 2344 —
347 2307 382 2361 15.
407 2317 565 2361 naturam
590 2327 702 2361 rerum
722 2312 791 2361 hier:
816 2313 848 2361 de
866 2318 979 2375 natuur,
1003 2312 1055 2361 den
1073 2312 1149 2374 aard,
1174 2312 1220 2361 der

107 2373 205 2438 dingen3
223 2377 341 2441 dikwijls
358 2380 506 2442 eenvoudig
523 2379 603 2443 netijk
621 2375 701 2442 φύσις
719 2381 751 2428 de
769 2384 883 2440 natuur;
901 2381 938 2428 zie
956 2384 1027 2428 aaut.
1046 2394 1078 2441 op
1092 2381 1116 2441 l,
1134 2377 1174 2427 25.
1186 2401 1221 2412 -

108 2434 138 2489 16.
153 2446 284 2493 moenia
302 2445 435 2508 mundi,
453 2448 503 2509 vgl.
521 2446 559 2508 ll,
577 2444 650 2494 itm.
668 2472 702 2479 -
720 2442 756 2496 18.
775 2445 843 2495 Over
860 2447 892 2494 de
910 2447 996 2509 goden
1013 2460 1064 2494 van
1078 2445 1220 2508 EpicuruS,

108 2507 150 2569 rgl.
166 2510 201 2573 11,
218 2509 364 2560 oto-654.
382 2512 479 2560 Hunno
493 2513 689 2574 woonplaatsen
702 2513 754 2576 zijn
766 2513 798 2560 de
811 2509 1219 2574 1616666666οΐμετακόσμια,

107 2573 134 2621 de
153 2578 400 2627 tussrhenruimten
424 2579 551 2627 tussohen
575 2580 606 2626 de
629 2579 821 2628 ver-schillende
839 2580 985 2640 werelden,
1012 2580 1060 2642 vgl.
1079 2580 1116 2642 11,
1140 2578 1220 2627 1144:

107 2639 229 2707 deventi,
254 2644 356 2705 nimbi,
381 2646 424 2693 nix
443 2660 498 2694 enz.
516 2645 567 2709 zijn
586 2645 649 2693 daar
667 2646 736 2703 niet,
759 2647 823 2694 daar
841 2646 870 2709 zij
890 2652 929 2695 tot
949 2648 994 2694 het
1012 2647 1219 2695 luohtomhulsel

106 2705 214 2757 heneden
237 2712 291 2760 den
310 2712 402 2760 aether
419 2712 559 2760 hehooren.
586 2712 628 2760 Vs.
646 2709 746 2761 tit-aa
765 2712 815 2775 zijn
833 2727 897 2762 eene
916 2714 1057 2776 navolging
1074 2728 1124 2761 van
1143 2713 1219 2761 Hom.

105 2769 188 2836 Odyss.
211 2777 241 2840 5,
265 2776 376 2827 43-45.
400 2804 432 2811 -
455 2775 501 2828 25.
524 2777 715 2827 Acherusia
737 2781 879 2842 templa,
904 2782 955 2843 rgl.
974 2781 1010 2841 ll,
1031 2778 1059 2838 a:
1085 2780 1116 2828 de
1133 2779 1219 2842 goden

106 2837 204 2891 bestaan
215 2846 280 2906 wel,
298 2844 332 2891 de
343 2845 522 2893 onderwereld
536 2850 592 2893 met
604 2846 667 2894 hare
681 2846 916 2910 verschrikkingen
926 2848 989 2895 niet.
999 2873 1031 2879 -
1039 2842 1084 2896 29.
1103 2847 1220 2908 adque,

106 2907 193 2957 ondere
208 2926 284 2959 vorm
303 2925 366 2960 voor
382 2916 478 2974 atque,
496 2926 541 2960 zoo
555 2912 606 2960 ook
619 2912 740 2976 somtijds
751 2913 831 2976 adqui
844 2929 906 2962 voor
918 2914 1000 2975 atqui.
1013 2938 1047 2946 -
1058 2910 1095 2963 31.
1112 2917 1218 2961 cunct.

106 2976 204 3048 iim·
229 2992 347 3026 rerum
366 2993 395 3020 =
413 2983 527 3027 atamen.
551 3004 585 3012 -
607 2975 651 3030 32.
676 2979 734 3042 Vgl.
757 2980 793 3041 ll,
817 2978 874 3028 333.
892 3006 925 3014 -
942 2977 986 3032 33.
1011 2980 1126 3042 Volgens
1143 2979 1218 3027 Luor.

106 3052 150 3102 an
165 3042 196 3091 de
212 3050 325 3094 atomon
342 3044 369 3092 in
387 3045 609 3108 eeuwigdurende
626 3046 778 3109 heweging,
802 3046 852 3109 'tzij
872 3062 900 3095 ze
918 3048 981 3095 door
998 3047 1030 3094 de
1047 3044 1220 3108 onmetelijke

106 3108 193 3158 mimte
210 3112 316 3173 vallon,
333 3112 363 3159 of
378 3114 428 3160 wel
445 3112 594 3175 opgehoopt
611 3112 661 3176 zijn
679 3117 720 3162 tot
737 3113 884 3175 liohamen,
902 3114 943 3161 die
962 3112 1138 3161 roortdurend
1156 3111 1217 3160 tooh

107 3185 167 3222 weer
181 3179 357 3227 veranderen.
375 3178 431 3241 Vgl.
449 3179 486 3240 11,
504 3177 578 3227 1145.
592 3204 625 3212 -
636 3175 681 3229 34.
700 3194 809 3242 quove
827 3195 889 3228 voor
905 3194 1026 3243 quoque,
1044 3185 1071 3227 et
1088 3193 1155 3241 quo,
1173 3193 1219 3227 zoo

106 3240 149 3288 ooh
171 3242 204 3308 hij
232 3244 375 3308 Vergilius.
400 3270 433 3278 -
458 3242 504 3295 35.
531 3246 673 3295 animi..
691 3250 796 3308 atque
821 3248 965 3295 animae:
993 3260 1117 3294 wanneer
1141 3246 1217 3294 Luor.

106 3307 267 3360 ondersoheid
296 3310 389 3359 maakt
413 3312 540 3361 tussohen
566 3313 628 3360 dene
652 3318 734 3374 twee,
761 3314 783 3361 is
808 3314 840 3361 de
866 3314 954 3361 anima
982 3314 1027 3361 het
1050 3326 1123 3361 meer
1145 3314 1218 3375 alge-

106 3385 188 3424 meene
212 3382 358 3441 tegenover
384 3377 436 3425 den
461 3379 569 3427 animus
594 3382 633 3428 als
659 3394 707 3428 666
735 3379 868 3443 hijzonder
894 3380 964 3428 deel:
991 3380 1023 3427 de
1047 3379 1149 3441 anima3
1175 3380 1217 3428 die

106 3440 202 3503 uolgens
225 3445 305 3506 hom,
327 3446 434 3492 evenals
456 3445 489 3493 de
513 3445 633 3508 animus,
656 3446 780 3509 stoffelijk
804 3447 826 3495 is
846 3461 879 3493 en
897 3446 938 3494 uit
955 3446 987 3493 de
1005 3445 1092 3508 fijnste
1110 3451 1218 3495 atomon

106 3503 211 3572 hestaat,
234 3512 257 3559 is
282 3511 315 3559 de
338 3510 401 3573 ziel,
425 3511 466 3559 die
490 3512 529 3560 als
551 3513 760 3576 levensbeginsel
778 3514 824 3561 het
841 3513 950 3574 geheele
967 3513 1081 3561 lichaam
1099 3515 1217 3574 vervult3

107 3569 133 3619 *le
153 3576 256 3626 animus
274 3578 297 3626 is
319 3590 394 3625 mear
410 3576 520 3640 beperkt
537 3593 570 3626 en
589 3578 662 3627 heeft
679 3579 730 3642 zijn
748 3581 815 3628 zetel
832 3580 860 3627 in
878 3579 910 3628 de
929 3580 1014 3641 borst3
1039 3579 1074 3643 hij
1095 3580 1219 3629 heersoht

107 3650 159 3687 over
180 3642 211 3692 de
234 3644 339 3705 anima,
365 3645 404 3692 als
427 3645 474 3693 het
495 3640 621 3707 ἀρχικόν,
644 3641 816 3708 ἡγεμονικόν,
842 3660 875 3693 66
898 3646 921 3694 is
943 3647 1081 3708 synoniem
1107 3651 1163 3695 met
1186 3647 1217 3694 de

108 3717 180 3756 mens.
203 3710 241 3758 De
259 3712 351 3760 anima
367 3711 390 3759 is
408 3712 455 3759 het
470 3707 577 3774 ἄλογον,
602 3713 648 3760 het
665 3713 800 3761 redelooze
818 3728 851 3761 en
869 3713 1037 3768 onbewuste,
1062 3713 1093 3761 de
1111 3713 1217 3761 animus

108 3769 147 3820 het
160 3770 276 3838 λογικόν,
295 3778 343 3826 het
359 3777 488 3841 redelijke
505 3793 538 3826 en
553 3778 728 3827 zelfhewuste
740 3779 799 3828 deel
811 3795 861 3828 van
875 3781 907 3828 de
920 3780 976 3827 ziel.
995 3779 1114 3842 Dikwijls
1126 3779 1218 3828 echter

109 3841 202 3891 worden
218 3844 325 3895 animus
338 3859 372 3893 en
385 3845 475 3892 anima
486 3845 543 3893 niet
555 3845 775 3908 ondersoheiden,
794 3861 869 3895 maan
880 3847 927 3894 het
938 3861 988 3894 een
1002 3861 1063 3894 voor
1076 3847 1122 3893 het
1135 3845 1218 3893 ander

108 3904 226 3964 gehruiht.
244 3911 283 3960 De
299 3911 408 3960 animus
424 3911 452 3959 in
471 3911 489 3959 't
502 3912 640 3974 algemeen
657 3912 761 3960 hestaat
779 3914 819 3962 uit
836 3914 891 3961 vier
907 3913 1013 3961 deelen:
1032 3915 1141 3972 ventus,
1160 3923 1216 3969 aer,
