2850 4409
618 144 657 203 93

280 330 365 405 plena
385 335 523 389 coronato
544 336 623 390 stare
643 332 735 391 boves
755 331 861 408 capite.

242 409 335 468 omnia
356 409 416 470 sint
436 417 557 487 operata
577 411 649 471 deo:
671 429 730 470 non
751 411 861 471 audeat
881 413 944 472 ulla

191 488 223 546 10
277 489 423 549 lanificam
444 490 548 587 penjs's
568 490 748 567 imposuisse
770 481 899 551 manum.

191 568 222 627 13
241 575 318 650 casta
337 570 459 646 placent
479 570 613 647 superis:
633 572 710 647 pura
730 589 801 631 cum
820 578 904 631 veste
924 572 1025 632 venite

280 655 310 708 et
329 650 466 709 manibus
486 650 571 728 puris
593 650 702 710 sumite
722 652 814 710 fontis
834 670 950 729 aquam.

192 729 224 786 15
242 729 366 804 cernite,
387 730 539 826 fulgentes
560 737 594 789 ut
614 737 662 790 eat
683 748 768 791 sacer
787 750 883 807 agnus
902 732 942 791 ad
962 750 1030 791 aras

279 810 437 924 vinctaqpe
456 816 526 887 post
546 812 610 871 olea
630 811 758 870 candida
777 813 865 871 turba
885 830 992 871 eomas.

242 888 271 947 di
290 890 395 966 patrii,
416 908 581 967 purgarnus
601 909 703 967 agros,
724 909 889 968 purgamus
907 899 1057 968 agrestes:

279 988 331 1029 vos
352 970 430 1030 mala
450 970 487 1029 de
508 971 619 1029 nostris
640 971 744 1047 pellite
764 970 926 1044 limitibus,
983 1015 989 1025 .

241 1067 298 1107 neu
318 1068 411 1132 seges¹
425 1050 529 1109 eludat
549 1068 677 1110 messem
698 1051 854 1110 fallacibus
875 1051 991 1125 herbis,

188 1128 222 1186 20
278 1130 461 1190 neu‘timeat
480 1130 595 1190 celeres
615 1130 728 1189 tardior
747 1150 824 1207 agna
843 1131 938 1208 lupos.

240 1203 444 1269 tuncssnitidus
464 1210 564 1287 plenis
584 1211 715 1292 confisus
736 1210 867 1271 rusticus
888 1211 969 1287 agris

278 1288 395 1365 ingeret
407 1290 531 1349 ardenti
549 1290 676 1366 ‘grandia
696 1290 878 1367 lignalooo,

240 1367 384 1446 turbaque
405 1388 578 1444 vernarum,
600 1370 694 1429 saturi
716 1372 791 1430 bona
812 1371 897 1447 signa
917 1372 1028 1446 coloni,

278 1443 414 1509 luderet
434 1468 473 1508 ex
493 1450 588 1526 virgis
610 1455 731 1510 extruet
751 1457 820 1510 ante
840 1469 933 1511 casas.

186 1527 221 1586 25
240 1535 382 1604 eventura
401 1548 522 1606 precor:
545 1522 644 1590 viden'
661 1533 705 1589 'ut
719 1530 858 1591 felicibus
879 1531 959 1591 extis

279 1608 429 1685 significet
449 1607 711 1685 placidos'truntia
731 1612 806 1670 fibra
827 1611 920 1670 deos?

238 1706 317 1748 nuuc
338 1689 412 1748 mihi
431 1689 565 1749 fumosos
586 1690 696 1750 veteris
716 1691 847 1767 proferte
867 1692 1008 1751 Falernos

278 1768 410 1828 consulis
431 1776 462 1829 et
483 1768 558 1829 chio
580 1770 686 1829 solvite
706 1771 806 1830 vincla
826 1771 908 1831 cado.

238 1849 306 1907 vina
326 1844 594 1926 diem‘t'celebrant:
615 1869 675 1909 non
694 1852 772 1910 festa
792 1852 860 1911 luoe
881 1852 1000 1911 madere

184 1927 219 1986 30
277 1934 324 1988 est
344 1930 447 2004 rubor)
468 1936 602 1989 ementes
622 1936 653 1990 et
673 1931 751 1991 male
771 1932 850 1990 ferre
870 1931 973 2007 pedes.

239 2009 292 2067 sed
306 2010 400 2083 „bene
414 2009 593 2070 Messalam”
609 2028 663 2070 sua
677 2011 805 2088 quisque
819 2011 858 2070 ad
872 2012 978 2088 pocula
992 2010 1087 2085 dicat,

276 2107 386 2148 nomen
402 2096 438 2154 ,et
457 2090 729 2167 absentis'singula
750 2092 839 2150 verba
861 2098 974 2150 sonent

238 2170 337 2244 gentis
357 2170 525 2246 Aquitanae
546 2171 664 2230 celeber
683 2169 813 2230 Messala
833 2170 995 2247 triumphis

277 2255 309 2308 et
329 2268 436 2325 magna
455 2250 583 2309 intonsis
602 2250 696 2326 gloria
717 2251 813 2310 victor
832 2250 912 2324 avis,

137 2377 148 2422 ,
183 2328 297 2388 3511119
317 2329 390 2388 ades
410 2330 568 2407 aspiraque
589 2330 678 2403 mihi,
700 2331 780 2390 dum
793 2330 924 2390 carmine
945 2336 1046 2390 nostro

277 2408 415 2468 redditur
434 2409 573 2492 agricolis
593 2409 689 2485 gratia
708 2410 873 2470 caelitibus.

239 2508 308 2547 rura
328 2503 402 2548 cano
422 2488 561 2567 rurisqrie
583 2487 663 2549 deos.
685 2491 733 2549 his
754 2491 817 2550 vita
837 2491 990 2567 magistris

279 2568 418 2628 desuevit
438 2587 551 2646 querna
571 2570 684 2646 pellere
704 2571 814 2646 glande
834 2572 958 2647 famem,

519 2673 554 2716 ,λ
690 2682 695 2688 i

100 2788 129 2840 Fi.
148 2795 238 2859 Argon.
261 2797 299 2859 ll,
321 2795 430 2845 171-
448 2792 482 2847 13.
508 2811 629 2859 pura..
645 2802 741 2846 veste
759 2797 814 2847 scil.
832 2799 912 2847 vestis
929 2799 984 2848 sive
1001 2803 1063 2862 toga
1080 2799 1198 2848 candida.

100 2855 144 2922 Vgl.
165 2860 233 2912 Ovid.
248 2855 321 2912 Fast.
338 2863 385 2926 lV,
408 2860 471 2911 ola:
496 2862 563 2912 Alba
580 2864 675 2914 decent
692 2861 829 2913 Cererem:
853 2870 940 2913 vestes
958 2863 1109 2914 Cerealibus
1127 2866 1199 2915 albas

99 2921 192 2979 Sumite.
213 2945 284 2979 nunc
305 2929 373 2992 pulli
390 2930 496 2978 velleris
513 2944 578 2979 usus
595 2930 678 2980 abest.
696 2955 730 2964 -
746 2927 791 2980 27.
816 2930 967 2979 fumosos
983 2968 1006 2980 ..
1021 2932 1198 2981 Falernos:

99 2990 124 3040 de
137 2995 240 3060 wijnen,
261 2996 304 3045 die
322 3010 384 3045 men
402 2996 479 3045 wilde
497 2996 633 3060 hemanea,
651 2998 757 3046 werden
775 2998 803 3045 in
821 2998 963 3059 amphorae
980 2998 1010 3046 of
1024 2998 1081 3047 cadi
1098 2998 1198 3061 gedaan

97 3070 124 3126 en
138 3064 249 3113 voorzien
267 3066 324 3112 met
340 3077 390 3112 een
407 3063 483 3112 merli
501 3061 576 3123 (nota
593 3064 682 3112 Horat.
700 3064 738 3126 ll,
756 3062 786 3126 3,
804 3061 845 3127 8),
865 3078 937 3112 waar
950 3078 998 3113 oa.
1012 3065 1044 3114 de
1057 3078 1136 3113 naam
1148 3079 1199 3113 van

98 3123 138 3176 den
157 3131 244 3192 consul
267 3145 300 3193 op
324 3130 416 3191 stond,
439 3129 467 3178 in
490 3130 573 3179 wiens
593 3130 651 3193 jaar
674 3131 707 3179 de
730 3130 793 3195 wijn
816 3145 964 3194 gewonnen
982 3145 1043 3180 was.
1069 3128 1119 3180 Om
1137 3131 1199 3180 hem

98 3195 174 3244 verder
195 3198 271 3247 zacht
293 3201 320 3245 te
344 3197 442 3246 mallen
465 3197 536 3245 werd
559 3196 595 3260 hij
621 3197 753 3261 geborgen
776 3212 809 3260 op
832 3199 965 3261 plaatsen‚
991 3212 1064 3246 waar
1086 3197 1119 3246 de
1136 3199 1198 3248 roolr

98 3263 258 3328 gemaklelijk
276 3264 329 3313 kon
348 3264 537 3327 doordringen:
559 3263 588 3312 cf
603 3264 688 3313 boren
704 3264 733 3312 in
750 3264 825 3326 huis,
843 3263 873 3312 of
887 3263 972 3313 boren
990 3265 1036 3313 het
1053 3264 1198 3314 fumarium

98 3320 259 3393 delimo:
286 3331 429 3392 apothecae
455 3336 526 3380 recte
552 3335 766 3394 superponentur
788 3332 820 3379 iis
843 3332 920 3394 locis,
947 3331 1018 3380 unde
1042 3332 1199 3396 plerumque

97 3390 172 3445 furnus
188 3399 319 3458 exoritur3
342 3397 469 3461 quoniam
487 3398 548 3447 vina
564 3398 677 3447 celerius
694 3403 892 3460 vetustescunt,
911 3412 980 3460 quae
997 3398 1066 3447 fumi
1082 3400 1199 3462 quodam

97 3460 172 3511 tenore
188 3479 339 3526 praecocem
357 3465 542 3514 maturitatem
559 3465 685 3527 trahunt,
709 3462 811 3513 Colum.
829 3463 859 3526 1,
877 3463 907 3528 6,
925 3462 1079 3516 11-28.
1103 3465 1199 3528 Chio,

97 3523 122 3573 de
140 3544 217 3580 zware
240 3531 368 3580 Falerner
389 3531 462 3580 werd
484 3530 642 3595 gewoonlijk
665 3536 722 3580 met
745 3546 794 3580 9911
818 3532 958 3581 zachteren
974 3531 1038 3597 wijn
1056 3536 1198 3598 vermengd

96 3593 239 3651 gedronlren.
257 3624 290 3632 -
308 3593 344 3648 31.
369 3598 470 3661 „bene
489 3598 693 3661 Messalam'’,
717 3599 772 3647 scil.
790 3600 878 3647 valere
894 3598 987 3662 iubeo,
1005 3614 1054 3649 een
1072 3604 1149 3650 toast.
1166 3627 1199 3634 —

96 3652 132 3709 33.
152 3662 358 3728 Aquitanae,
381 3666 419 3713 zie
441 3665 487 3713 inl.
512 3679 545 3728 op
563 3665 594 3713 de
612 3665 664 3713 Ille
682 3665 766 3728 elegie
784 3679 834 3713 van
852 3665 872 3713 ’1
888 3665 915 3714 19
932 3665 1008 3715 book.
1025 3692 1059 3701 -
1076 3662 1122 3717 34.
1146 3669 1198 3716 in·

96 3729 192 3780 tonsis
213 3732 298 3781 avis:
323 3733 371 3781 het
393 3732 520 3781 scheeren
544 3746 595 3780 van
618 3732 670 3780 den
694 3731 775 3780 baard
795 3732 882 3780 kwam
899 3737 970 3782 eerst
986 3733 1134 3783 omstreeks
1150 3733 1200 3783 300

96 3805 115 3839 v.
129 3792 184 3845 Chr.
200 3799 227 3847 in
245 3798 357 3863 gebruik
375 3796 469 3860 (Varro
486 3799 518 3848 de
535 3798 565 3847 R.
584 3814 604 3847 r.
623 3798 660 3861 11,
678 3795 713 3859 2).
730 3799 890 3848 -victor
906 3802 945 3849 als
962 3800 1151 3848 overwinnaar.
1167 3826 1200 3833 -

96 3852 134 3908 36.
148 3865 193 3924 rgl
210 3880 246 3915 rs.
263 3866 280 3915 3
298 3880 331 3915 en
349 3864 373 3914 1.
391 3890 425 3899 -
441 3861 487 3916 38.
505 3865 644 3929 glande,
662 3865 713 3928 vgl.
732 3863 808 3915 Lucr.
825 3865 859 3927 V,
876 3863 934 3915 939.
