2850 4409
731 161 770 219 48

350 363 468 404 summa
488 345 578 405 etiam
600 364 671 405 cum
690 345 738 404 vis
757 345 881 405 violenti
901 363 956 422 per
976 364 1058 405 mare
1078 346 1162 405 venti

350 425 593 502 induperatorem
614 425 720 485 classis
741 443 832 501 super
851 444 980 502 aequora
1001 425 1094 485 verrit

352 524 421 565 cum
441 505 550 564 validis
569 505 682 581 pariter
702 505 870 580 legionibus
889 512 980 582 atque
1001 505 1186 582 elephantis,

351 604 411 644 non
431 585 532 644 divom
552 602 657 661 pacem
677 586 755 644 votis
775 585 839 643 adit
858 604 894 644 ac
913 603 1004 662 prece
1024 586 1144 662 quaesit

252 666 332 725 1230
352 671 510 725 ventorum
529 665 657 742 pavidus
676 683 766 741 paces
786 665 960 742 animasque
981 666 1147 739 secundas,

352 745 549 823 nequiquam,
571 745 711 821 quoniam
731 745 862 804 violento
882 745 1002 804 turbine
1024 763 1113 822 saepe

351 831 507 902 correptus
527 825 589 884 nilo
609 826 705 884 fertur
724 826 824 883 minus
844 825 883 884 ad
903 826 980 883 vada
999 825 1074 884 leti?

352 923 448 982 usque
468 905 543 964 adeo
563 923 612 964 res
632 907 778 964 humanas
798 905 845 963 vis
865 905 966 964 abdita
986 906 1134 982 quaedam

354 985 478 1061 opterit,
499 991 530 1044 et
550 985 692 1061 pulchros
711 985 804 1044 fascis
824 1003 988 1062 saevasque
1010 1003 1133 1045 secures

255 1066 333 1124 1235
353 1065 526 1141 proculcare
546 1083 581 1124 ac
601 1065 731 1124 ludibrio
752 1065 809 1124 sibi
830 1066 939 1124 habere
960 1065 1088 1124 videtur.

354 1145 485 1222 denique
507 1146 562 1204 sub
581 1145 710 1221 pedibus
730 1145 822 1203 tellus
843 1163 913 1203 cum
932 1149 994 1203 tata
1014 1145 1135 1204 vacillat

354 1242 577 1301 concussaeque
598 1225 709 1283 cadunt
729 1225 819 1284 urbes
840 1225 1007 1301 dubiaeque
1028 1225 1196 1300 minantur,

352 1305 428 1381 quid
448 1305 572 1378 mirum,
594 1304 619 1363 si
641 1322 674 1364 se
694 1309 833 1364 temnunt
854 1305 989 1363 mortalia
1010 1305 1109 1364 saecla

354 1392 444 1461 atque
465 1385 622 1461 potestatis
643 1402 766 1460 magnas
787 1384 938 1461 mirasque
960 1384 1136 1462 relinquunt

256 1465 334 1523 1240
354 1465 386 1523 in
406 1466 496 1523 rebus
516 1464 589 1522 viris
610 1464 729 1537 divum,
750 1482 827 1541 quae
847 1470 955 1524 cuncta
975 1466 1165 1540 gubernent?

603 1852 637 1888 DE
655 1851 723 1888 Pusr
740 1852 774 1889 ΤΕ
792 1852 909 1889 ΑΤΗΕΝΕ.

228 2014 258 2063 11
283 2015 330 2063 het
352 2016 447 2063 laatste
469 2014 590 2077 gedeelte
615 2027 664 2062 van
685 2013 733 2062 het
749 2013 824 2062 zesde
841 2012 910 2061 boel
928 2013 1003 2062 heeft
1020 2013 1096 2062 Lucr.
1113 2016 1240 2075 getracht
1258 2031 1325 2065 eene

193 2081 360 2145 natuurlijke
378 2081 531 2143 verklaring
545 2085 573 2129 te
591 2094 675 2144 geven
693 2095 744 2128 van
761 2080 808 2128 het
825 2083 949 2128 cntstaan
967 2094 1001 2128 11
1018 2080 1051 2128 de
1069 2082 1256 2146 verspreiding
1274 2098 1325 2132 ran

195 2149 367 2211 epidemiedn.
385 2148 429 2197 uit
446 2148 505 2196 deel
522 2161 555 2196 11
572 2147 714 2197 daarmede
733 2146 779 2195 het
796 2145 906 2209 geheele
923 2147 996 2195 werlr
1014 2147 1116 2210 eindigt
1134 2147 1171 2212 hij
1188 2155 1247 2199 met
1259 2164 1325 2199 eene

194 2214 372 2279 beschrijving
395 2228 446 2263 van
470 2215 502 2263 de
525 2218 584 2276 pest
605 2218 632 2262 te
655 2213 774 2276 Athene,
798 2211 984 2276 4301111,
1008 2227 1074 2262 naar
1091 2215 1124 2263 de
1142 2214 1326 2281 beschrijring

195 2296 247 2331 van
264 2281 440 2344 Thucydides.

569 2424 622 2484 VI.
663 2424 717 2483 Vs.
740 2424 947 2483 ttae-1286.

397 2588 479 2647 Haec
499 2587 574 2646 ratic
595 2587 745 2664 quondam
766 2587 936 2645 morborum
956 2591 987 2645 et
1008 2587 1145 2647 mortifer
1165 2597 1272 2650 aestus

356 2668 468 2727 finibus
487 2667 520 2725 in
541 2667 681 2743 Cecropis
701 2668 837 2725 frmestos
858 2665 992 2725 reddidit
1011 2684 1100 2742 agros

197 2877 254 2926 niet
276 2875 362 2924 alleen
384 2873 419 2938 bij
445 2874 531 2924 Plaut.
554 2888 587 2922 en
611 2873 730 2934 Terent,
754 2885 828 2921 maar
851 2886 922 2921 soms
938 2872 989 2921 oolr
1005 2872 1041 2936 bij
1060 2871 1152 2923 Cicero
1170 2876 1328 2939 gevonden,

196 2943 258 3008 bijv.
282 2943 395 2991 facultas
411 2946 543 3004 [agrorum
566 2940 746 3002 condonandi3
770 2940 950 3002 exemplorum
974 2939 1089 3002 eligendi
1113 2946 1241 3002 potestas,
1269 2942 1328 2991 Lat.

199 3010 242 3060 Gr.
261 3007 339 3071 §olo
369 3007 393 3057 1.
410 3032 445 3041 -
460 3003 536 3057 1227.
555 3007 849 3069 induperatorem,
867 3005 936 3054 code
953 3020 1028 3054 vorm
1045 3020 1109 3055 vccr
1125 3007 1328 3070 imperatorem.

195 3078 294 3138 indu,
312 3047 399 3134 abac,
417 3074 502 3123 wordt
519 3074 583 3123 door
600 3072 739 3122 Lueretius
756 3071 870 3136 dikwijls
887 3071 1013 3134 gebruilrt
1030 3084 1094 3121 vcor
1111 3074 1151 3136 in,
1169 3074 1198 3123 in
1217 3090 1329 3125 samen-

197 3144 340 3205 stellingen
363 3142 460 3190 aoowel
483 3141 522 3189 als
544 3140 652 3189 anders:
676 3140 742 3188 indu
765 3153 848 3187 manu
870 3138 907 3199 II,
930 3136 1011 3202 1096,
1036 3138 1070 3202 V,
1093 3137 1158 3201 1023
1182 3142 1329 3205 indugredi

197 3209 245 3272 tv,
262 3208 312 3258 367
318 3225 326 3270 3
343 3208 494 3270 indupediri
511 3207 557 3270 lll,
576 3205 621 3269 70;
638 3206 794 3267 indupedita
811 3205 849 3269 ll,
866 3203 923 3253 loa.
946 3204 1003 3267 llgl.
1021 3205 1069 3267 lv,
1086 3204 1136 3254 967
1155 3221 1215 3271 pag.
1233 3206 1277 3258 35.
1295 3235 1331 3244 —

195 3273 272 3326 1229.
296 3276 406 3324 divom
424 3288 539 3337 pacem
557 3274 677 3322 adit:
696 3286 788 3335 pacem
803 3269 913 3334 (qaam,
931 3272 1049 3333 gerrada,
1067 3272 1196 3335 gratiam)
1214 3275 1329 3325 deorum

197 3344 265 3405 petit
282 3341 491 3404 precationibus,
515 3341 600 3389 aooals
617 3339 671 3387 Liv.
689 3343 748 3402 zegt
765 3337 847 3400 XLll,
864 3337 892 3399 2,
910 3335 934 3386 3.
952 3363 985 3371 -
1003 3334 1077 3388 ¹23⁰.
1104 3353 1220 3402 paces:
1239 3342 1330 3392 Plaut.

197 3410 268 3458 Pers.
292 3407 322 3470 6,
345 3407 373 3470 l,
396 3407 426 3470 l,
452 3407 561 3470 pacibus
583 3406 719 3469 perfectis3
745 3404 807 3454 Sall.
831 3404 888 3468 lug.
911 3403 958 3467 31,
983 3403 1055 3454 bella
1078 3411 1161 3469 atque
1185 3421 1273 3470 paces
1296 3435 1332 3443 -

195 3476 343 3524 animas:
361 3474 451 3523 anima
468 3474 553 3522 werdt
570 3473 633 3521 door
649 3473 725 3521 Lucr,
744 3470 857 3535 dilwijls
874 3470 1000 3534 gebruilrt
1016 3486 1079 3521 vom
1097 3486 1156 3535 aer,
1176 3478 1286 3525 ventus.
1297 3502 1332 3510 —
1359 3527 1361 3530 ,

195 3538 272 3593 1237.
291 3540 488 3602 dubiaeque
505 3554 567 3588 voor
584 3538 727 3600 dubiaeve3
746 3553 790 3587 zoo
808 3537 933 3601 gebruilrt
949 3537 1026 3586 Lucr.
1044 3552 1120 3588 meer
1136 3554 1191 3602 que
1207 3556 1273 3591 socr
1286 3558 1332 3605 ve,

197 3602 467 3672 egicae-1239.
492 3606 702 3668 relinquunt
725 3606 787 3654 dcet
810 3604 916 3653 denken
939 3618 990 3652 aan
1014 3618 1064 3653 een
1085 3605 1177 3670 strijd,
1201 3622 1332 3658 waarvan

199 3676 246 3725 het
268 3675 345 3724 einde
369 3674 391 3721 is
415 3674 460 3721 dat
483 3673 515 3721 de
538 3672 682 3735 stemeling
704 3672 755 3737 zijn
779 3672 856 3735 eigen
880 3670 1009 3720 krachten
1032 3673 1139 3736 opgeeft
1161 3688 1197 3722 en
1220 3675 1265 3725 die
1284 3676 1333 3726 der

195 3741 312 3806 godheid
329 3742 385 3789 laat
400 3739 499 3803 blijven
517 3753 551 3788 11
567 3738 669 3787 erkent.

235 3804 300 3859 1138.
325 3807 412 3855 Haec
434 3805 524 3854 ratio
547 3804 737 3854 morborum
755 3809 788 3853 et
805 3803 966 3853 mortifer
982 3808 1102 3853 aestus
1120 3801 1165 3865 (de
1183 3807 1333 3859 handschr.

198 3874 304 3925 hebben
327 3875 414 3922 alleen
435 3870 663 3932 mortiferael:
688 3872 750 3920 deze
767 3870 841 3935 wijze
856 3868 921 3932 (van
938 3874 1063 3920 ontstaan
1081 3885 1115 3919 en
1133 3875 1334 3940 verspreiding)
