2850 4409
698 188 759 246 234

327 392 383 433 neo
403 374 469 432 volo
489 392 546 433 uec
565 391 703 449 possum;
725 391 864 431 ranarum
885 373 1000 432 viscera
1020 392 1183 451 numquam

263 456 306 514 45
326 453 461 530 inspexi3
483 455 561 513 ferre
581 454 620 513 ad
640 458 766 529 nuptam
786 471 863 531 quae
883 453 977 512 mittit
996 453 1127 529 adulter,

327 552 403 610 quae
423 534 560 608 mandat,
581 540 691 592 norunt
710 532 778 609 alii3
800 551 847 592 me
867 551 955 593 nemo
975 534 1111 593 ministro

326 615 376 672 fur
396 613 468 687 erit,
489 620 579 690 atque
599 614 667 673 ideo
688 613 764 671 uuili
785 631 885 673 comes
905 631 995 687 exeo,
1016 619 1167 691 tamquam

326 711 450 752 mancus
471 699 502 753 et
521 694 703 765 exstinctae,
724 711 833 769 corpus
852 710 912 751 uon
932 693 1022 765 utile,
1043 694 1175 754 dextrae.

327 774 396 850 quis
415 792 495 833 nuuc
516 774 653 849 diligitur
671 773 731 832 nisi
752 773 904 848 conscius,
925 779 956 832 et
976 773 1024 832 oui
1044 774 1164 833 ferrens

264 855 306 913 50
325 859 443 913 aestuat
463 854 589 913 occultis
609 853 727 912 animus
748 870 926 930 semperque
946 853 1100 912 tacendis?

325 933 369 992 nil
389 933 444 993 tibi
465 951 497 993 se
519 934 627 993 debere
647 939 749 1010 putat,
770 933 814 991 uil
835 933 967 992 conferet
988 952 1143 1010 umquam,

326 1013 504 1089 participem
524 1012 577 1091 qui
597 1020 627 1073 te
649 1013 758 1072 secreti
778 1013 850 1072 iecit
869 1013 1003 1072 honesti:

327 1111 414 1153 carus
434 1093 493 1153 erit
512 1094 615 1167 Verri,
636 1093 687 1170 qui
710 1093 836 1152 Verrem
856 1099 989 1169 tempore
1011 1111 1071 1170 quo
1089 1094 1155 1152 vult

329 1191 469 1233 accusare
489 1179 597 1250 potest.
618 1173 694 1232 tanti
714 1173 770 1232 tibi
789 1191 849 1232 non
870 1173 910 1231 sit
930 1173 1016 1249 opaci

267 1256 307 1312 55
328 1253 424 1312 omnis
445 1254 555 1312 harena
575 1253 648 1328 Tagi
669 1253 810 1331 quodque
829 1253 861 1311 iu
881 1271 963 1312 mare
984 1252 1114 1312 volvitur
1133 1270 1260 1327 aurum,

326 1340 360 1392 ut
381 1350 484 1392 somno
502 1350 605 1392 careas
625 1334 822 1410 ponendaque
842 1333 974 1409 praemia
995 1351 1095 1392 sumas

327 1413 423 1472 tristis
443 1418 474 1472 et
493 1432 511 1472 a
531 1431 638 1489 magno
660 1431 779 1490 semper
798 1413 932 1472 timearis
951 1413 1055 1471 amico.

367 1491 449 1566 Quae
469 1511 549 1552 nuuc
570 1493 715 1553 divitibus
735 1510 810 1569 gens
830 1493 1039 1569 acceptissima
1058 1492 1184 1567 nostrie,

326 1578 357 1633 et
374 1591 453 1650 quos
473 1573 635 1650 praecipue
655 1573 784 1649 tugiam,
805 1574 969 1650 properabo
989 1572 1088 1646 fateri,

268 1654 306 1713 60
326 1671 383 1713 uec
404 1653 502 1730 pudor
522 1653 658 1712 obstabit
679 1671 739 1712 nou
759 1670 883 1729 possum
902 1654 995 1727 ferre,
1017 1651 1163 1726 Quirites,

326 1751 463 1809 graecam
483 1734 604 1809 urbam;
625 1733 763 1809 quamvis
783 1738 874 1811 quota
894 1733 991 1809 portio
1011 1732 1103 1792 faecis
1122 1732 1260 1792 Achaei?

326 1814 385 1872 iarn
405 1813 524 1889 pridem
545 1812 641 1887 Syme
660 1812 693 1871 in
713 1813 845 1872 Tiberim
865 1813 995 1872 defluxit
1015 1810 1142 1872 Orontes

326 1898 358 1953 et
377 1893 511 1969 linguam
532 1898 563 1952 et
583 1910 682 1952 mores
701 1899 734 1952 et
753 1911 822 1952 oum
843 1892 964 1952 tibicine
985 1893 1111 1952 chordas

326 1973 462 2050 obliquas
481 1991 538 2032 nec
557 1991 618 2032 uon
637 1973 762 2048 gentilia
782 1979 925 2049 tympana
947 1991 1049 2032 secum

267 2055 306 2113 65
327 2053 412 2113 rexit
432 2058 463 2112 et
483 2053 522 2112 ad
541 2053 656 2112 ciroum
676 2052 775 2111 iussas
795 2058 930 2129 prostare
949 2054 1074 2128 puellas.

325 2133 382 2207 ite,
404 2133 514 2211 quibus
534 2139 619 2209 grata
639 2137 686 2191 est
706 2132 790 2210 picta
810 2133 882 2209 lupa
902 2134 1025 2192 barbara
1045 2133 1147 2193 mitra!

167 2285 328 2295 ———

166 2388 266 2437 zegger.
292 2400 326 2407 -
350 2368 399 2422 44.
426 2387 589 2422 ranarum
616 2374 762 2423 uiscera:
790 2374 898 2436 volgens
924 2372 1071 2436 sommigen
1097 2372 1204 2420 werden
1229 2372 1296 2421 door

163 2441 339 2505 bijgeloovige
364 2440 452 2489 lieden
476 2439 581 2488 daaruit
603 2441 777 2489 voorteekens
800 2453 1016 2503 waargenomen3
1043 2441 1151 2501 volgens
1174 2439 1293 2488 anderen

165 2522 220 2557 was
238 2508 285 2555 het
301 2522 345 2556 om
363 2507 411 2555 het
428 2507 515 2570 vergis
530 2513 556 2555 te
574 2506 655 2571 doen,
673 2508 720 2555 dat
736 2506 864 2569 sommige
882 2507 1057 2555 kikvorschen
1075 2504 1208 2567 (rubeta),
1226 2519 1294 2554 naar

163 2590 227 2623 «nen
246 2573 370 2635 meende,
393 2573 419 2621 in
438 2573 501 2636 long
519 2588 552 2622 en
569 2575 642 2622 lever
658 2573 772 2622 haddon.
790 2597 825 2606 -
841 2569 888 2623 48.
912 2573 1090 2622 extinctae
1106 2609 1128 2621 ..
1145 2572 1293 2621 dextrae

163 2641 189 2690 is
205 2644 315 2703 genet.
333 2640 455 2702 qualit.
473 2654 505 2688 en
525 2641 599 2689 dicut
615 2645 657 2689 ter
674 2640 772 2689 nadere
791 2640 943 2703 verklaring
957 2653 1008 2688 van
1024 2653 1175 2702 mancus,
1193 2637 1292 2703 terwijl

163 2721 289 2769 corpus
313 2721 378 2755 non
401 2706 491 2755 utile
515 2707 641 2769 appositie
664 2708 694 2756 is.
722 2708 759 2756 De
783 2707 886 2756 dichter
901 2706 1020 2756 bedoelt:
1044 2720 1111 2769 geen
1128 2706 1295 2755 stadhouder

164 2778 258 2823 rreemt
281 2772 326 2838 mij
350 2773 426 2822 mede
450 2775 489 2822 als
511 2773 548 2821 lid
571 2788 623 2822 van
647 2773 714 2838 zijne
738 2774 831 2823 cohors
854 2773 998 2835 praetoria,
1022 2787 1148 2821 wanneer
1170 2771 1207 2836 hij
1226 2786 1295 2821 naar

166 2841 233 2905 zijne
257 2840 390 2903 provincie
407 2845 469 2904 gaat
486 2837 592 2902 (exire
609 2840 632 2890 is
649 2842 777 2890 daarvoor
793 2840 841 2889 het
858 2855 966 2904 gewone
983 2836 1169 2901 werkwoord);
1193 2838 1222 2887 ik
1239 2838 1294 2888 ben

163 2923 228 2957 voor
250 2907 328 2956 zulire
352 2907 446 2956 dieven
470 2909 509 2956 als
532 2907 638 2956 iemand
661 2908 744 2956 wiens
767 2906 945 2956 rechterhand
964 2906 1095 2969 cardord,
1118 2908 1186 2969 lam,
1211 2906 1241 2954 is.
1259 2930 1294 2940 —

164 2970 212 3024 49.
239 2975 306 3023 cui:
333 2974 587 3037 tweelettergrepig;
611 2975 661 3038 vgl.
685 2974 744 3024 Lat.
768 2972 811 3022 Gr.
836 2971 913 3036 540,
936 2972 970 3022 16
993 2988 1027 3022 en
1050 2970 1114 3035 §40
1137 2972 1199 3021 uitz.
1224 2973 1241 3022 i.
1259 2997 1294 3006 —

160 3038 210 3092 53.
238 3041 350 3090 Verri:
376 3040 483 3101 Verres,
506 3040 539 3089 de
563 3041 625 3090 door
648 3039 716 3104 zijne
739 3040 907 3103 aspersingen
924 3054 957 3089 en
974 3039 1227 3103 onderdrulrkingerr
1244 3038 1293 3088 be·

165 3109 260 3157 ruchte
283 3108 430 3171 landvoogd
454 3122 504 3156 van
529 3106 630 3169 Sicilie,
653 3111 734 3170 tegen
758 3108 827 3156 wien
851 3105 883 3155 70
905 3122 929 3155 v.
953 3105 1015 3156 Chr.
1038 3105 1128 3155 Cicero
1151 3110 1209 3155 met
1225 3106 1293 3169 goed

163 3177 261 3239 gerolg
279 3189 343 3223 eene
361 3174 506 3224 aankiacht
522 3170 748 3225 1111111111-55.
767 3173 862 3238 Tagi:
880 3174 912 3222 de
928 3173 1000 3237 Taag
1016 3187 1070 3222 was
1084 3172 1293 3222 overschaduwd

166 3243 230 3291 door
261 3242 372 3291 boomen
400 3239 520 3304 (opaci)
546 3255 580 3289 err
608 3241 701 3289 voerde
727 3242 784 3289 veel
810 3240 948 3304 goudzand
973 3237 1127 3302 (harena,
1158 3253 1293 3301 aurum,
1319 3257 1323 3263 ·

166 3307 359 3372 hendiadyoin)
377 3323 443 3358 mee.
461 3333 495 3342 -
513 3302 558 3357 56.
577 3308 803 3370 ponendaque
822 3323 853 3351 =
871 3307 1040 3369 deponenda,
1057 3306 1101 3355 die
1118 3320 1151 3368 qe
1168 3307 1294 3355 oenrnaol

163 3381 237 3425 armet
249 3375 427 3438 oobterlotea,
442 3375 581 3423 verliezen.
590 3399 624 3408 -
636 3369 672 3423 6Ι.
691 3388 847 3437 graecam
866 3374 996 3423 urbem:
1011 3372 1058 3422 dat
1069 3373 1101 3421 de
1114 3372 1172 3421 stad
1185 3370 1293 3434 (Rome)

162 3440 294 3491 Grieksch
312 3443 348 3505 is;
366 3442 417 3490 alle
428 3439 588 3490 ¹Oostersche
601 3441 696 3489 volhen
709 3440 870 3503 gebruikten
882 3440 911 3489 in
923 3441 970 3489 het
981 3439 1091 3489 verkeer
1103 3440 1135 3488 de
1148 3438 1293 3488 Grielrsehe

162 3509 234 3570 taal;
260 3508 291 3556 de
315 3507 458 3572 eigeulijke
481 3507 597 3556 Grieken
621 3508 662 3555 uit
684 3508 717 3556 de
740 3507 871 3570 provincie
891 3507 990 3570 Achaje
1007 3521 1096 3555 waren
1114 3505 1293 3570 betrekkelijk

166 3575 266 3624 sleohts
290 3588 339 3622 een
363 3574 436 3623 klein
460 3574 519 3623 deel
543 3588 593 3622 van
617 3574 669 3622 hen
692 3574 736 3622 die
758 3572 802 3622 Gr.
822 3573 943 3636 sprahen.
961 3599 995 3607 -
1011 3573 1132 3623 faecis:
1157 3571 1230 3635 beffa
1246 3573 1293 3621 dea

163 3642 255 3703 volita,
279 3640 338 3689 faex
363 3641 460 3703 populi.
487 3641 611 3689 Lucanus
634 3640 694 3701 vlt,
711 3639 762 3691 405
779 3644 871 3689 noemt
887 3639 970 3689 Rome
987 3639 1103 3688 mundi
1125 3640 1223 3688 faece
1244 3654 1292 3688 re-

166 3709 304 3770 pletam.
330 3721 364 3740 '-
390 3702 434 3758 63.
461 3706 606 3756 chordas
631 3707 808 3771 obliquas,
831 3706 864 3754 de
889 3707 1029 3768 sambuca,
1055 3719 1120 3755 eene
1145 3710 1218 3755 soort
1242 3720 1291 3754 van

169 3772 339 3834 driehoekige
362 3774 429 3834 harp
453 3777 509 3821 met
529 3774 622 3823 schuin
641 3788 792 3837 gespannen
810 3788 919 3836 snaren,
943 3773 981 3822 zie
998 3772 1071 3822 Rich.
1089 3797 1122 3806 -
1139 3768 1186 3822 64.
1210 3787 1293 3836 gen·

164 3839 241 3899 tilia,
264 3841 388 3900 vreemd,
406 3839 585 3902 barboaroeb,
606 3841 657 3903 vgl.
675 3840 751 3889 Lucr.
770 3841 809 3903 ll,
826 3838 883 3889 618.
900 3865 934 3874 -
951 3836 997 3890 65.
1020 3839 1057 3888 ad
1076 3841 1217 3899 circum,
1241 3840 1293 3903 vgl.

165 3918 227 3966 pag.
240 3901 286 3965 84,
303 3918 339 3952 vs.
351 3902 392 3952 11.
405 3929 439 3937 -
450 3899 497 3955 66.
516 3906 608 3967 picta
626 3907 741 3970 mitra,
760 3922 804 3956 zoo
822 3909 861 3956 als
878 3906 911 3955 de
925 3906 1157 3970 bovengenoemde
1169 3904 1294 3970 Syrisohe
