2850 4409
663 148 720 206 191

289 339 443 411 totumque
463 334 579 392 alterno
598 350 747 393 eonsensn
767 333 869 392 vivere
889 333 1052 407 mundum,

289 418 320 473 et
339 414 462 473 rationis
482 414 532 490 egi
553 418 650 487 motu,
671 431 742 472 eum
762 412 886 489 spiritus
906 430 985 472 unus

231 495 269 554 65
288 511 343 570 per
361 500 485 553 eunotos
505 494 620 553 habitet
639 499 741 568 partes
761 498 851 569 atque
872 492 977 569 irriget
997 493 1114 567 orbem,

289 575 386 633 omnia
405 573 603 650 pervolitans,
624 591 792 650 corpusque
812 572 940 632 animale
960 573 1078 648 figuret

289 653 369 730 quod
389 653 448 712 nisi
469 653 603 727 cognatis
624 652 766 712 membris
786 657 929 712 oontexta
949 657 1083 711 maneret

288 733 440 807 maehina,
461 739 492 793 et
512 732 652 809 imposito
672 738 792 809 pareret
812 738 874 791 tota
894 731 1051 808 magistro,

287 831 323 872 ac
343 818 459 871 tantum
481 812 586 871 mnndi
606 817 725 887 regeret
744 812 904 889 prudentia
924 830 1067 888 censum,

230 895 268 954 70
288 910 347 952 non
367 898 449 953 esset
470 892 558 952 statio
579 891 682 966 terris,
703 911 764 951 non
783 892 913 952 ambitus
934 893 1039 965 astris,

287 973 484 1050 haereretqne
505 972 752 1047 ragnemundus
773 972 938 1049 standoque
959 972 1086 1047 rigeret,

287 1071 344 1112 nee
364 1071 418 1111 sue
439 1053 601 1129 dispositos
622 1057 776 1111 servarent
797 1052 896 1111 sidera
916 1069 1039 1125 cursus,

287 1150 408 1209 noxque
429 1133 545 1192 alterna
565 1132 645 1192 diem
665 1132 785 1208 fugeret
804 1150 985 1209 rursumque
1005 1132 1140 1209 fugaret3

288 1230 347 1271 non
366 1213 479 1277 imbres
499 1213 615 1272 alerent
636 1217 747 1286 terres,
767 1229 827 1271 non
847 1212 969 1271 aethera
990 1212 1086 1286 venti,

228 1294 268 1352 75
288 1311 344 1352 neo
366 1298 477 1369 pontus
497 1292 637 1368 gravidos
657 1293 769 1366 nubes,
789 1311 846 1353 neo
866 1293 990 1351 fiumina
1011 1298 1153 1368 pontum,

288 1375 343 1432 'neo
363 1373 490 1449 pelagus
509 1372 617 1447 tontis,
637 1390 695 1431 neo
716 1377 809 1432 staret
830 1390 946 1432 summa
965 1390 1020 1448 per
1040 1372 1137 1431 omnis

279 1458 342 1529 'p'ar
362 1470 481 1529 semper
501 1452 595 1528 partis
615 1470 711 1529 aequo
733 1452 850 1528 digesto
869 1457 1007 1528 parente,

288 1538 323 1591 nt
341 1550 441 1609 neque
462 1533 625 1592 deficerent
646 1533 759 1606 undae,
780 1550 836 1591 neo
857 1533 969 1591 sideret
989 1530 1085 1605 orbis,

288 1630 344 1672 neo
364 1613 481 1672 eaelum
501 1612 581 1671 iusto
602 1612 737 1672 maiusve
757 1612 895 1672 minusve
916 1613 1038 1671 volaret

229 1692 268 1752 80
287 1698 387 1752 motus
407 1692 476 1767 alit,
497 1711 556 1751 non
576 1697 673 1751 mutat
693 1710 786 1769 opus;
807 1692 851 1752 sie
871 1692 969 1751 omnia
990 1697 1051 1751 toto

288 1772 459 1849 dispensato
479 1777 601 1831 monent
622 1773 749 1847 mundo,
770 1772 984 1850 dominumque
1006 1774 1182 1848 sequuntur.

288 1851 337 1911 hio
356 1852 451 1928 igitur
471 1853 546 1912 deus
567 1856 598 1912 et
618 1852 693 1912 ratio
714 1870 791 1930 quoe
812 1857 919 1912 cuncta
939 1853 1086 1928 gnbemat

288 1931 372 1991 duoit
391 1933 428 1992 ab
448 1932 578 1991 aeternis
598 1937 718 1992 terrena
737 1932 876 1991 animalia
897 1931 999 2007 signis.

287 2030 364 2088 quoe
384 2030 565 2088 quemqnam
586 2013 675 2088 longo
695 2013 776 2088 oogit
796 2017 944 2072 summota
964 2028 1100 2084 necesso,

229 2092 267 2151 85
288 2092 393 2151 sentiri
414 2095 529 2166 tamen,
550 2098 586 2152 ut
605 2091 683 2151 vitos
703 2111 739 2151 ao
758 2093 820 2151 leta
838 2093 1011 2151 ministrent

287 2172 442 2247 gentibus,
462 2190 498 2231 ao
518 2171 654 2249 proprios
674 2190 730 2248 per
751 2172 869 2248 singula
888 2189 1010 2248 corporo
1031 2188 1137 2230 mores.

287 2270 343 2312 neo
363 2252 454 2311 nimis
474 2257 522 2311 est
541 2253 711 2329 quaerenda
732 2253 823 2327 fides3
847 2252 891 2311 sie
910 2256 1058 2328 temperat
1077 2269 1148 2309 arva

287 2332 419 2406 eaelum,
441 2332 603 2392 sio'vamas
622 2333 726 2408 fruges
747 2332 906 2408 redditque
927 2332 1096 2408 rapitquep

227 2412 266 2471 89
287 2412 331 2472 sio
351 2417 477 2488 pontum
497 2417 598 2471 movet
617 2430 653 2471 ao
672 2412 762 2471 terris
782 2412 918 2471 immittit
938 2418 970 2471 et
989 2412 1102 2487 aulem

227 2493 265 2552 93
287 2491 331 2551 sio
352 2494 506 2551 submerso
526 2492 627 2559 fretis,
648 2494 828 2551 oonoharnm
849 2497 880 2551 et
899 2510 1020 2551 earcere
1041 2492 1143 2553 clausa

121 2647 288 2656 ———---

121 2733 169 2789 63.
193 2738 333 2785 alterno
355 2749 540 2785 consensu:
564 2736 628 2784 door
649 2735 682 2784 de
702 2736 863 2797 onderlinye
881 2736 1139 2797 overeemtemminy
1156 2749 1207 2783 van
1224 2736 1252 2783 al

120 2806 190 2854 hare
206 2804 301 2852 deelen
319 2802 373 2851 ken
391 2803 424 2851 de
440 2802 538 2851 wereld
555 2801 655 2865 blijven
671 2801 790 2852 bestaan.
807 2827 842 2836 —
860 2797 906 2853 68.
925 2802 1105 2866 magistro:
1123 2802 1155 2851 de
1172 2814 1249 2864 orgo-

122 2870 217 2921 nisohe
234 2870 305 2919 band
323 2869 371 2918 der
387 2870 495 2932 deelen,
513 2869 546 2917 de
563 2869 621 2918 idee
639 2883 690 2917 vnn
709 2869 756 2918 het
773 2869 880 2933 geheel,
897 2869 920 2917 is
937 2869 969 2918 de
987 2869 1133 2931 opqeleqde
1144 2868 1250 2931 matht,

121 2938 166 2987 die
192 2936 386 3000 gehoorzaamd
409 2936 501 2984 werdt
525 2961 559 2970 -
581 2931 626 2985 69.
652 2949 805 2985 censum:
832 2950 928 2985 census
951 2936 1009 2984 hier
1030 2933 1251 2997 overdrerhtelijk

122 3018 188 3053 voor
212 3001 346 3066 rijltdom,
371 3002 617 3052 verscheidenheid.
641 3027 674 3036 -
697 2998 743 3053 70.
769 3003 890 3065 statio,
915 3008 989 3051 verte
1012 3001 1194 3064 standphrotr.
1217 3025 1252 3034 -

122 3069 292 3132 ambitus,
316 3083 448 3131 omqanq,
471 3071 586 3132 moloop.
603 3094 637 3103 -
654 3064 699 3118 72.
723 3083 784 3118 sun
806 3070 835 3118 in
858 3070 942 3132 plants
960 3083 1010 3117 ven
1028 3082 1114 3119 suos.
1139 3067 1249 3130 Bentley

122 3137 203 3186 wilde
227 3152 270 3186 orn
294 3136 357 3184 deze
381 3135 462 3184 herde
485 3136 646 3185 constructie
669 3140 696 3184 te
720 3135 866 3200 vermijden
884 3149 967 3199 vago
983 3137 1066 3184 lezen.
1092 3131 1141 3184 Ζὸὁ
1159 3133 1253 3183 echter

121 3218 188 3267 mag
203 3216 267 3252 men
285 3201 492 3265 moeilijlheden
510 3202 567 3251 niet
583 3217 747 3265 wegnemen.
765 3202 907 3252 Missrhien
926 3202 1000 3251 heeft
1011 3201 1043 3250 de
1055 3201 1158 3251 dichter
1171 3200 1251 3249 metri

121 3283 205 3321 cause
231 3270 289 3319 nich
315 3269 379 3317 deze
404 3267 515 3333 vrijheid
543 3269 713 3318 vereorloosd.
740 3269 760 3318 ’t
777 3268 857 3319 Geval
883 3269 905 3318 is
930 3270 987 3318 niet
1011 3268 1093 3333 gelijlr
1116 3282 1167 3317 oen
1190 3267 1251 3330 dat,

121 3336 243 3387 hetwelk
260 3336 319 3386 Lat.
337 3334 381 3384 Gr.
399 3332 475 3397 §478
492 3335 639 3398 besprolren
657 3336 687 3385 is
702 3361 738 3370 —
753 3331 799 3386 77.
817 3340 973 3399 parente:
991 3335 1133 3398 echepper,
1151 3335 1250 3384 oeder-

122 3404 240 3466 houder,
267 3403 336 3452 doch
362 3402 420 3451 niet
446 3401 605 3465 persoonlijk
630 3407 742 3465 opgevat
767 3404 806 3452 als
831 3402 990 3466 gescheiden
1014 3417 1064 3451 van
1087 3402 1120 3450 de
1138 3402 1252 3465 wereld,

121 3484 200 3520 mser
222 3468 273 3519 een
296 3473 354 3518 met
376 3470 449 3517 hear.
466 3493 500 3503 -
522 3465 569 3519 85.
596 3469 737 3519 sentiri:
760 3469 830 3532 cogit
853 3470 918 3518 deus
942 3469 1034 3518 sentiri
1057 3468 1116 3529 (nos
1139 3468 1250 3529 sentire)

121 3543 153 3587 ut
181 3535 253 3599 (hoe)
283 3540 394 3585 aeterna
419 3535 465 3584 illo
490 3535 579 3598 signo,
611 3549 776 3599 quemquam
802 3536 880 3599 longo·
906 3550 1011 3584 recessu
1037 3541 1153 3599 remota,
1183 3536 1252 3584 vitos

120 3619 152 3655 ac
177 3604 234 3653 fata
257 3603 415 3653 ministrent
436 3601 569 3665 gentibus.
586 3627 620 3635 -
635 3598 682 3652 87.
705 3602 821 3652 nimis:
844 3616 879 3652 en
901 3617 972 3651 noar
988 3603 1022 3653 de
1037 3603 1178 3652 waarheiol
1195 3617 1250 3652 van

119 3673 186 3722 dete
207 3671 311 3733 dinqen
334 3668 442 3730 behoeft
462 3682 527 3717 men
549 3669 607 3717 m'et
629 3668 657 3716 al
680 3675 705 3717 te
726 3683 774 3718 ver
797 3674 823 3719 te
845 3671 949 3718 zoeken.
972 3693 1006 3703 -
1028 3665 1065 3719 93
1087 3683 1162 3733 seqq.
1188 3668 1249 3717 Men

120 3738 256 3803 geloofde,
282 3737 329 3785 dat
352 3736 385 3784 de
403 3748 482 3783 mean
500 3735 557 3784 niet
573 3735 660 3783 alleen
678 3735 710 3784 eb
728 3750 762 3784 en
780 3735 856 3784 vloed
874 3735 1072 3799 vereorzaelrte,
1096 3750 1169 3785 maor
1186 3736 1253 3784 zelfs

119 3805 226 3855 invloed
251 3804 305 3853 hed
328 3817 362 3865 op
385 3801 419 3850 de
442 3801 610 3850 weelrdieren
632 3801 661 3850 in
684 3802 717 3850 de
740 3816 798 3866 zee,
822 3803 914 3851 modat
931 3802 992 3850 deze
1010 3807 1066 3851 met
1083 3802 1131 3852 het
1147 3816 1249 3853 wassen

118 3873 169 3922 der
193 3887 272 3921 maan
295 3873 417 3935 grooten,
440 3872 497 3917 met
521 3869 567 3916 het
588 3867 714 3916 efnemen
736 3869 783 3917 der
799 3882 878 3918 maan
896 3868 999 3916 kleiner
1016 3870 1116 3918 zouden
1133 3867 1250 3921 worden.
