2850 4409
662 139 719 198 237

288 326 421 386 numinis
441 326 540 400 Idaei,
560 326 702 402 procedat
722 326 772 385 vel
791 324 890 384 Numa
910 327 959 385 vel
979 327 1031 403 qui

289 407 421 466 servavit
440 406 588 482 trepidam
610 406 745 482 flagranti
767 424 807 464 ex
827 406 901 465 aede
922 406 1103 465 Minervam:

209 487 269 546 140
288 487 426 563 protinus
446 486 484 544 ad
505 504 643 558 censum,
664 485 702 544 de
722 485 854 544 moribus
874 485 980 544 ultima
1000 487 1053 545 fiet

289 567 434 644 quaestio.
455 571 546 642 „quot
565 566 662 641 pascit
682 567 806 624 servos?
827 572 900 641 quot
919 566 1054 641 possidet
1073 567 1137 642 agri

289 647 412 722 iugera?
434 664 524 722 quam
544 646 639 704 multa
660 663 826 721 magnaque
846 645 1005 721 paropside
1025 645 1152 705 cenat?”

290 731 436 803 quantum
456 726 584 802 quisque
606 743 660 784 sua
679 742 868 784 nummorum
891 725 1034 784 servitiu
1055 745 1138 799 area,

290 811 408 865 tantum
428 807 518 865 habet
537 811 569 864 et
589 805 668 864 fidei.
689 805 771 864 iures
792 805 863 864 lieet
883 812 914 863 et
934 804 1159 865 Samothracum

212 887 271 944 145
291 893 323 945 et
342 891 511 944 nostrorum
531 903 613 957 aras,
633 889 823 944 contemnere
843 885 969 943 fulmina
989 904 1103 962 pauper

291 966 424 1024 creditur
443 971 534 1042 atque
555 965 627 1024 deos
648 965 696 1023 dis
716 964 942 1041 ignoscentibus
961 965 1045 1041 ipsis.

291 1045 365 1122 quid
386 1045 467 1122 quod
487 1045 642 1104 materiam
662 1046 785 1121 praebet
805 1062 968 1121 causasque
988 1045 1123 1105 iocorum

292 1125 429 1184 omnibus
449 1125 499 1184 hio
519 1125 615 1196 idem,
637 1125 662 1183 si
683 1125 770 1183 foeda
790 1130 821 1184 et
842 1125 935 1187 scissa
955 1126 1087 1199 lacerna,

292 1205 318 1264 si
338 1211 407 1280 toga
428 1205 581 1263 sordidula
600 1210 648 1264 est
667 1209 699 1263 et
718 1209 806 1280 rupta
826 1205 944 1264 calceus
964 1205 1041 1264 alter

213 1285 271 1344 150
291 1285 371 1361 pelle
391 1290 488 1361 patet,
509 1285 559 1343 vel
580 1285 606 1343 si
627 1289 752 1343 consuto
772 1285 896 1344 vulnere
917 1303 1053 1344 crassum

290 1373 381 1442 atque
401 1382 507 1423 recens
526 1365 622 1424 linum
643 1365 775 1423 ostendit
795 1382 853 1423 non
874 1383 933 1422 una
954 1365 1101 1424 cicatrix?

290 1444 334 1503 nil
354 1445 444 1503 habet
464 1444 570 1503 infelix
591 1450 752 1520 paupertas
774 1444 878 1502 durius
898 1445 930 1502 in
951 1463 998 1517 se,

291 1543 381 1601 quam
401 1524 483 1601 quod
503 1524 646 1583 ridiculos
666 1525 802 1583 homines
821 1524 901 1583 facit.
923 1543 1016 1597 „exea
1031 1523 1057 1597 ³²,
1078 1524 1192 1600 inquit,

293 1605 337 1678 „si
357 1604 455 1679 pudor
470 1610 532 1676 est,
553 1612 584 1662 et
604 1604 642 1662 de
662 1605 786 1679 pulvino
807 1610 910 1679 surgat
930 1604 1078 1680 equestri,

214 1685 272 1742 155
293 1683 380 1742 cuius
400 1702 449 1743 res
469 1684 530 1759 legi
551 1702 610 1742 non
631 1684 757 1758 sufficit,
778 1691 810 1742 et
830 1685 954 1743 sedeant
973 1684 1023 1742 hic

290 1765 432 1822 lenonum
452 1763 538 1839 pueri
558 1782 747 1840 quocumque
768 1782 807 1823 ex
827 1765 941 1823 fornice
961 1764 1039 1837 nati,

291 1844 342 1903 hic
361 1844 486 1919 plaudat
505 1843 593 1902 nitidi
613 1844 768 1919 praeconis
788 1845 870 1902 filius
890 1844 969 1903 inter

291 1923 442 2000 pinnirapi
462 1924 560 1982 cultos
580 1923 705 1982 iuvenes
725 1923 910 2001 iuvenesque
929 1923 1092 1983 lanistae'’:

126 2142 181 2176 van
205 2126 292 2188 Scipio
314 2126 456 2175 Africanus
479 2127 576 2189 maior,
599 2126 652 2174 Liv.
676 2125 775 2188 XXIX,
799 2124 839 2174 10.
863 2151 897 2159 -
920 2122 975 2176 138.
1001 2127 1060 2190 qui
1085 2126 1251 2175 servavit:

127 2194 156 2242 L.
176 2192 283 2242 Caelius
300 2192 424 2242 Metellus
441 2193 521 2242 redde
538 2191 636 2254 (1111.
653 2191 726 2253 Chr.)
744 2193 792 2240 het
803 2192 951 2241 Palladium
964 2193 1005 2241 uit
1017 2193 1069 2242 den
1081 2193 1253 2242 brandenden

126 2261 230 2322 tempel
248 2274 300 2308 van
317 2259 411 2323 Vesta,
429 2274 504 2308 maar
520 2262 622 2309 verloor
639 2258 738 2323 daarbij
759 2259 805 2307 het
816 2259 925 2321 gezicht.
937 2285 971 2292 -
983 2255 1039 2309 142.
1057 2261 1251 2322 paropside:

127 2329 162 2376 de
188 2327 319 2390 paropsiS‚
346 2326 395 2375 ook
422 2327 552 2389 parapsis,
578 2324 621 2374 Gr.
647 2323 780 2389 παροψίς,
806 2339 861 2374 was
885 2325 1010 2390 eigenlijk
1037 2341 1087 2375 een
1110 2333 1181 2375 soort
1202 2342 1253 2376 van

127 2393 334 2443 desaertsclaotal
357 2394 386 2441 of
406 2407 455 2442 een
478 2394 580 2442 schotel
602 2407 708 2455 waarop
732 2391 824 2455 fijnere
847 2391 959 2456 spijzen‚
984 2394 1025 2442 dia
1048 2408 1110 2442 men
1128 2399 1204 2443 naast
1221 2395 1253 2442 de

125 2475 240 2525 gewone
258 2460 395 2522 nuttigde‚
412 2459 518 2508 werden
536 2460 691 2522 opgediand.
710 2458 774 2507 Hier
790 2463 859 2508 staat
878 2461 924 2508 het
940 2474 1003 2508 voor
1020 2461 1119 2510 achotel
1135 2461 1163 2509 in
1181 2461 1201 2508 ’t
1213 2462 1252 2509 al-

127 2541 251 2591 gemeen.
278 2526 315 2575 De
339 2527 405 2588 sing.
429 2523 1170 2590 11111ὴί111111611111111111111111111111-144.
1194 2526 1252 2577 Sa-

128 2594 360 2643 mothracum:
393 2591 564 2642 Samothrace
595 2606 650 2640 was
679 2593 711 2640 de
738 2593 887 2642 hoofdzetel
911 2609 962 2642 van
988 2595 1020 2643 de
1046 2595 1183 2658 verearing
1207 2595 1254 2643 der

126 2659 252 2710 Cabiren.
276 2659 312 2723 Zij
331 2673 421 2707 waren
439 2660 472 2708 de
489 2659 605 2708 wrelrers
622 2674 672 2707 van
690 2660 820 2708 meineed.
843 2660 939 2709 llunne
956 2662 1102 2725 mysteridn
1119 2676 1209 2711 waren
1226 2665 1253 2709 te

129 2728 215 2776 Rome
233 2727 262 2774 in
280 2726 349 2788 hoog
365 2726 483 2774 aanzien.
501 2751 535 2759 —
552 2721 608 2776 145.
633 2727 781 2774 fulmina
797 2763 819 2774 ..
835 2727 926 2791 deos,
947 2728 1086 2791 eigenlijk:
1104 2729 1137 2778 de
1154 2728 1253 2791 goden,

128 2795 173 2843 die
196 2793 249 2842 den
272 2791 386 2841 bliksem
411 2793 511 2841 zenden
533 2807 576 2841 om
599 2792 719 2840 meineed
737 2798 764 2842 te
781 2793 937 2856 bestratlen,
961 2810 1036 2843 maar
1051 2796 1094 2843 die
1111 2796 1143 2844 de
1161 2809 1253 2843 armen

128 2855 445 2909 verschoonen.—148.
470 2859 621 2907 lacerna:
645 2859 678 2907 de
700 2861 808 2909 lacerna
830 2875 884 2910 was
906 2861 1114 2925 oorspronkelijl
1133 2876 1183 2911 een
1200 2863 1252 2909 sol-

127 2927 329 2989 datenmantel‚
354 2940 428 2974 maan
451 2925 534 2988 begon
552 2926 580 2974 in
598 2924 710 2975 Cicero's
727 2926 774 2990 tijd
793 2928 869 2976 reeds
885 2927 948 2976 door
965 2927 1120 2990 weeldcrige
1137 2942 1253 2976 mannen

127 2999 157 3042 te
181 2993 289 3042 worden
313 2992 453 3055 gedragen.
480 2993 510 3040 ln
534 2993 585 3040 den
608 2992 656 3056 tijd
680 2993 728 3041 der
752 2993 851 3042 keizers
874 2994 950 3042 komt
969 2995 1001 3042 de
1018 2996 1124 3043 lacerna
1139 2994 1253 3058 dilwijls

128 3075 194 3109 voor
215 3060 245 3107 in
269 3058 321 3107 alle
340 3059 459 3121 klassen‚
483 3059 566 3108 onder
582 3058 694 3122 burgers
711 3074 745 3108 en
762 3061 914 3109 militairen.
940 3060 975 3125 Zij
994 3061 1047 3109 kon
1064 3075 1126 3110 over
1142 3060 1175 3109 de
1191 3064 1253 3122 toga

129 3127 265 3189 gadragen
288 3126 396 3174 worden
419 3140 452 3173 en
477 3125 529 3173 had
553 3140 605 3174 van
628 3127 753 3175 achteren
777 3141 825 3175 een
850 3127 1000 3190 capuchon,
1023 3128 1061 3176 zie
1084 3143 1120 3176 vs.
1144 3126 1200 3176 170.
1220 3152 1253 3160 -

128 3189 187 3244 1511.
211 3192 318 3255 pelle:
343 3192 418 3254 pellis
442 3193 464 3240 is
484 3192 542 3240 hier
559 3193 606 3240 het
624 3194 685 3242 laer.
701 3219 735 3226 —
752 3195 897 3242 vulnere
914 3195 937 3243 is
954 3194 1012 3243 hier
1029 3209 1080 3242 van
1097 3209 1147 3243 een
1164 3195 1256 3258 gatos

128 3260 229 3308 scheur
253 3259 281 3307 in
299 3272 364 3307 eene
381 3259 473 3307 tunica
490 3259 600 3322 gezegd3
624 3260 770 3308 cicatrix
791 3275 841 3309 van
858 3275 908 3309 een
925 3266 981 3309 met
998 3275 1047 3309 een
1063 3261 1126 3310 stuli
1144 3262 1205 3323 gros
1219 3275 1253 3309 en

130 3326 222 3375 nieuw
239 3325 333 3373 linnen
351 3326 456 3388 gelapte
474 3326 570 3374 schenr
587 3326 617 3374 of
631 3331 683 3385 gat.
696 3351 730 3360 -
745 3323 791 3376 151.
810 3342 874 3376 non
891 3342 956 3376 una
972 3328 1069 3376 litotes¹
1082 3353 1115 3362 -
1127 3325 1182 3378 153.
1200 3328 1252 3377 11-

129 3393 224 3456 quit,
248 3391 304 3440 Lat.
323 3390 367 3440 Gr.
385 3389 398 3453 ἓ
416 3390 474 3440 359.
492 3392 522 3440 Α.
540 3390 564 3441 1.
581 3418 615 3425 -
632 3388 689 3442 154.
713 3393 854 3455 pulvino
870 3431 892 3443 ..
908 3395 1077 3458 equestri:
1096 3396 1204 3458 volgens
1221 3395 1253 3443 de

130 3459 253 3508 bellende
278 3460 322 3507 lex
348 3458 440 3508 Roscia
465 3456 508 3518 (67
532 3474 556 3507 v.
577 3458 616 3520 O.)
642 3474 696 3507 was
722 3460 831 3522 bepaald
858 3465 889 3509 ut
913 3461 1065 3525 „equitibus
1082 3462 1208 3511 Romanis
1225 3463 1253 3510 in

130 3527 238 3575 theatro
264 3526 478 3588 quattuordecim
505 3526 603 3588 gradus
628 3526 738 3587 proximi
763 3528 985 3590 assignarentur’'.
1011 3529 1178 3578 Domitianus
1200 3530 1252 3578 had

130 3595 171 3642 als
188 3607 283 3642 censor
299 3592 333 3641 de
350 3597 457 3654 strange
474 3592 646 3654 handhaving
662 3594 739 3641 dezer
756 3597 808 3642 wat
824 3593 941 3644 bevolen.
965 3595 1024 3645 Wie
1041 3596 1091 3645 dus
1109 3597 1165 3645 niet
1181 3610 1254 3645 mear

131 3660 178 3708 het
200 3673 345 3722 vermogen
369 3673 419 3706 van
443 3657 552 3707 41101101)
570 3657 619 3707 HS.
643 3659 733 3713 barat.
755 3661 846 3709 mocht
867 3663 924 3710 niet
945 3676 1017 3710 maer
1037 3678 1070 3725 op
1087 3663 1120 3711 de
1137 3662 1170 3711 11
1186 3662 1253 3726 rijen

131 3726 253 3788 plaatsen
269 3726 363 3774 achter
380 3725 413 3772 de
430 3726 564 3774 orchestra
581 3740 649 3788 gaan
666 3723 869 3778 111111-157.
888 3730 1081 3789 praeconis:
1099 3730 1131 3778 de
1146 3744 1253 3792 praeco-

131 3807 178 3842 nes
204 3807 293 3842 waren
317 3792 345 3840 in
369 3792 542 3854 minachting.
558 3817 592 3825 —
609 3789 665 3842 158.
689 3793 895 3856 pinnirapus
912 3795 934 3844 is
952 3796 984 3843 de
1002 3796 1187 3858 gladiator,
1210 3796 1253 3843 die

132 3860 164 3908 de
188 3874 285 3909 veeren
309 3873 359 3907 van
385 3858 435 3905 den
459 3859 530 3907 helm
556 3858 620 3922 zijns
643 3874 818 3908 overwonnen
840 3862 1040 3924 tegenstanders
1063 3863 1115 3911 had
1132 3862 1252 3925 geroosd3
