2850 4409
730 188 788 245 180

697 443 750 519 in,
774 446 820 503 14.

555 676 593 715 DE
614 675 776 716 anonnns
797 676 861 715 VAN
881 676 958 717 TOlss.

357 845 439 905 Haeo
452 846 507 906 tibi
521 846 694 921 mittimtur,
709 866 798 924 quem
815 866 882 906 sum
895 849 983 907 modo
998 849 1130 909 carmine
1144 855 1271 927 questus

397 945 455 985 non
475 932 579 1003 aptum
599 927 733 986 numeris
752 946 861 987 nomen
881 929 990 989 habere
1010 929 1094 989 meis.

356 1006 389 1064 in
397 1005 518 1144 11qluibus
538 1013 665 1146 exceppo
686 1008 767 1084 quod
780 1008 1071 1146 (qdhuctutcumque
1091 1011 1241 1085 valemus,

478 1105 507 1144 m
567 1106 665 1145 rar
740 1106 779 1146 uo
832 1107 872 1146 nv
938 1107 1082 1148 1vn1.

318 1166 337 1224 5
356 1166 423 1242 ipsa
442 1105 566 1243 quoting
582 1105 629 1226 adt
648 1106 746 1225 iquisq
766 1108 862 1240 saliis,
873 1106 1014 1245 θ6111111111166
1035 1106 1142 1229 distima
1161 1175 1244 1242 vota,

398 1246 531 1323 quolibet
551 1265 590 1306 ex
610 1246 678 1306 istis
700 1247 815 1306 scilicet
834 1248 878 1307 ire
898 1248 981 1307 locis.

357 1326 441 1406 nulla
460 1326 534 1385 mihi
555 1346 629 1386 cura
649 1333 711 1400 est,
732 1333 812 1387 terra
832 1346 891 1405 quo
912 1336 1011 1388 muter
1030 1330 1067 1388 ab
1087 1329 1146 1388 ista

397 1407 453 1465 hac
473 1407 558 1484 quia,
579 1426 669 1483 quam
689 1407 792 1481 video,
812 1407 925 1483 gratior
944 1408 1041 1468 omnis
1061 1409 1126 1468 erit.

357 1485 388 1543 in
409 1486 523 1545 medias
544 1486 664 1561 Syrtes,
685 1487 815 1547 mediam
835 1507 902 1547 mea
922 1490 989 1547 vela
1009 1488 1181 1564 Charybdin

299 1566 338 1635 ro,
397 1566 522 1640 mittite,
543 1566 693 1644 praesenti
716 1568 788 1626 dum
809 1586 962 1627 careamus
982 1570 1082 1628 humo.

358 1644 436 1720 Styx
450 1665 581 1724 quoque,
596 1648 622 1705 si
636 1647 711 1723 quid
724 1666 760 1706 ea
773 1654 832 1721 est,
847 1649 922 1708 bene
936 1649 1166 1708 commutabitur
1179 1649 1291 1721 Histro,

399 1726 499 1803 siquid
520 1737 551 1786 et
570 1727 711 1801 inferius,
734 1746 824 1804 quam
845 1727 953 1804 Styga,
975 1730 1106 1787 mundus
1127 1730 1224 1788 babet.

357 1806 491 1881 gramina
511 1807 611 1865 cultus
631 1826 714 1883 ager,
736 1808 832 1882 frigus
853 1808 952 1867 minus
973 1808 1037 1868 odit
1056 1809 1198 1882 hirundo,

396 1886 534 1963 proxima
553 1887 720 1947 Marticolis
740 1907 830 1965 quam
850 1889 918 1947 loca
937 1888 1018 1947 Naso
1039 1888 1132 1948 Getis.

300 1967 337 2023 15
357 1966 429 2024 talia
449 1973 630 2026 succensent
649 1974 772 2044 propter
791 1968 866 2026 mibi
887 1970 976 2028 verba
997 1966 1144 2043 Tomitae,

397 2046 501 2124 iraque
521 2048 702 2107 carminibus
721 2048 841 2125 publica
863 2056 942 2108 mota
961 2049 1045 2107 meis.

357 2144 428 2201 ergo
448 2145 504 2202 ego
524 2129 646 2186 cessabo
666 2146 829 2205 numquam
849 2146 905 2204 per
925 2128 1058 2188 carmina
1077 2129 1171 2203 laedi,

397 2207 512 2283 plectar
531 2212 562 2266 et
581 2207 701 2266 incauto
723 2226 841 2284 semper
860 2210 897 2267 ab
917 2208 1057 2284 ingenio?

357 2305 428 2362 ergo
449 2305 519 2363 ego,
540 2306 579 2346 ne
600 2288 743 2361 scribam,
763 2288 874 2363 digitos
894 2288 1027 2347 incidere
1047 2294 1184 2362 cunctor,

298 2367 336 2424 211
397 2367 517 2445 telaque
536 2368 635 2427 adhuc
655 2367 795 2440 demens,
816 2386 892 2444 quae
912 2387 1056 2444 nocuere,
1077 2371 1205 2446 sequor?

357 2446 396 2505 ad
416 2454 534 2507 veteres
555 2448 693 2523 scopulos
713 2448 824 2507 iterum
845 2449 984 2508 devertor
1004 2449 1138 2522 stillas,

398 2526 430 2583 in
450 2528 560 2604 quibus
581 2528 706 2587 offendit
725 2529 869 2602 naufraga
888 2528 1014 2605 puppis,
1035 2531 1148 2606 aquas?

358 2606 412 2665 sed
431 2606 507 2666 nibil
527 2607 650 2667 admisi:
671 2608 755 2667 nulla
775 2613 822 2667 est
841 2626 908 2668 mea
928 2608 1031 2685 culpa,
1053 2608 1197 2681 Tomitae,

398 2703 473 2761 qnos
493 2706 563 2763 ego,
584 2706 653 2747 cum
672 2688 738 2747 loca
758 2688 816 2746 sim
836 2693 936 2748 vestra
956 2706 1096 2765 perosus,
1117 2707 1191 2749 amc.

298 2766 337 2824 25
358 2766 485 2844 quilibet
504 2768 638 2827 excutiat
657 2768 752 2826 nostri
772 2768 954 2827 monimenta
973 2768 1097 2828 laboris:

397 2847 498 2907 littera
518 2848 556 2907 de
577 2847 661 2908 vobis
682 2853 730 2907 est
748 2866 815 2907 mea
835 2853 942 2925 questa
961 2848 1045 2906 nihil.

356 2926 453 3005 frigus
474 2932 505 2988 et
524 2928 665 2987 incursus
685 2928 766 2987 omni
786 2928 824 2988 de
844 2933 929 3004 parte
949 2927 1099 2987 timendos

398 3013 429 3068 et
449 3008 529 3085 quod
550 3009 689 3084 pulsetur
709 3026 813 3067 murus
834 3009 871 3067 ab
891 3010 993 3082 hoste,
1015 3026 1132 3085 queror.

356 3087 389 3147 in
409 3090 488 3162 loca,
509 3107 570 3147 non
589 3088 740 3162 homines,
761 3088 918 3148 verissima
938 3088 1063 3148 crimina
1082 3088 1156 3147 dixi.

298 3170 337 3228 30
397 3169 527 3246 culpatis
547 3173 682 3228 vestrum
702 3187 756 3228 vos
776 3187 895 3246 quoque
917 3186 1006 3245 saepe
1027 3169 1133 3227 solum.

358 3254 440 3309 esset
458 3253 604 3326 perpetuo
625 3267 680 3307 sna
700 3267 790 3327 quam
809 3248 942 3308 vitabilis
961 3251 1070 3323 Ascra,

198 3413 359 3423 -ς

232 3511 249 3564 1.
273 3514 361 3564 Tibi:
386 3512 513 3578 namelijli
532 3513 691 3572 Tuticanus,
716 3527 765 3561 6611
783 3512 886 3562 dicbter
902 3526 937 3560 en
954 3526 1005 3560 van
1020 3510 1100 3575 jongs
1116 3513 1147 3561 af
1162 3510 1249 3561 vriend
1265 3521 1310 3557 van

199 3579 322 3644 Ovidius3
340 3580 376 3644 hij
395 3581 530 3629 vertaalde
548 3579 685 3629 Homerus’
703 3577 828 3643 Odyssea.
847 3572 1309 3641 11661161106361(611Ρο111.111,11.

196 3646 242 3710 lo)
266 3647 341 3697 heeft
364 3645 473 3696 Ovidius
495 3647 639 3710 geklaagd,
663 3647 709 3695 dat
732 3647 765 3695 de
788 3659 867 3695 naam
891 3659 942 3694 van
963 3644 1014 3709 zijn
1032 3645 1121 3694 vn'end
1142 3643 1180 3707 (-
1196 3668 1221 3688 υ
1237 3670 1262 3679 -
1277 3637 1310 3698 Ξ)

198 3715 255 3763 rich
278 3714 307 3763 in
330 3714 362 3762 de
385 3714 518 3776 elegische
540 3717 672 3763 versmaat
694 3713 750 3762 niet
766 3713 822 3762 laat
838 3710 993 3775 gebruiken.
1010 3737 1043 3745 -
1060 3708 1087 3762 9.
1112 3711 1243 3776 Syrtes,
1265 3707 1309 3771 vgl.

199 3779 256 3831 Cat.
273 3779 361 3843 LXIV,
379 3779 436 3829 156.
454 3805 488 3814 -
506 3776 542 3829 14.
561 3779 670 3829 Getis:
689 3781 727 3828 zie
744 3777 822 3828 Trist.
840 3777 882 3842 IV,
899 3777 957 3828 110.
975 3804 1008 3812 -
1026 3774 1062 3828 17.
1081 3793 1140 3841 per
1156 3778 1310 3829 carmina:
1398 3843 1399 3846 Ἴ

198 3848 249 3910 vgl.
272 3847 349 3896 Trist.
374 3847 399 3909 I,
416 3845 446 3908 3,
464 3844 505 3895 38.
521 3872 555 3880 -
572 3843 608 3897 31.
635 3845 752 3895 Ascra:
776 3846 808 3895 de
831 3845 913 3894 vader
935 3860 986 3895 van
1003 3846 1055 3895 den
1072 3845 1176 3895 dicbter
1191 3842 1311 3894 Hesiodus

198 3927 252 3962 was
270 3913 311 3962 uit
328 3914 376 3962 het
392 3912 529 3961 Aeolische
546 3911 630 3976 Cyme
647 3917 703 3961 met
720 3912 767 3961 der
784 3927 858 3962 woon
877 3926 942 3961 naar
958 3913 1039 3962 Ascra
1053 3913 1081 3961 in
1095 3912 1201 3963 Boeotii
1212 3908 1310 3976 genol-
