2850 4409
617 156 673 212 143

190 337 302 396 2311011
324 358 400 416 quae
420 339 554 414 virgineo
575 345 711 415 portenta
733 341 788 398 sub
808 340 931 416 inguine
952 342 1077 414 latrant,

283 436 341 478 nec
362 419 484 478 timeam
504 427 634 492 vestroe,
656 439 750 479 curva
770 419 881 495 Malea,
903 421 1004 480 sinus:

189 497 222 556 27
244 500 325 574 quod
346 500 371 557 si
392 499 526 575 Neptuni
547 507 668 558 ventosa
688 500 822 575 potentia
842 501 950 574 vincit,

283 584 315 637 et
335 580 534 638 subventuros
554 580 670 638 auferet
691 580 770 637 unda
791 580 877 654 deos,

243 661 278 716 tu
298 658 408 717 nostris
427 659 531 718 niveos
551 659 684 718 humeris
704 659 824 735 impone
844 661 984 719 lacertos:

188 737 227 800 30.
284 757 405 815 corpore
426 757 480 797 nos
500 738 581 798 facili
602 740 692 798 dulce
713 740 845 798 feremus
866 758 950 798 onus,

244 835 332 894 saepe
352 824 458 894 petens
479 819 580 877 Heron
599 819 717 878 iuvenis
738 827 943 879 transnaverat
963 821 1076 878 undas:

284 905 347 956 tum
368 917 487 975 quoque
507 906 706 969 transnasset,
729 899 783 958 sed
804 900 852 958 via
873 918 962 959 caeca
983 900 1048 958 tuit.

244 983 276 1036 at
296 978 360 1037 sine
380 986 426 1051 te,
448 979 585 1055 quamvis
605 979 722 1054 operosi
743 980 855 1038 vitibus
875 980 939 1056 agri

283 1076 330 1117 me
351 1065 486 1130 teneant,
507 1059 643 1135 quamvis
663 1060 801 1117 amnibus
821 1079 892 1118 arra
913 1066 1030 1133 natent,

187 1136 223 1193 35
243 1143 275 1195 et
295 1145 379 1197 vocet
399 1138 430 1196 in
451 1139 531 1196 rivos
552 1146 720 1198 currentem
742 1139 872 1216 rusticus
893 1140 1019 1212 undam,

283 1218 449 1294 frigidaque
470 1220 607 1277 arboreas
628 1219 757 1277 mulceat
777 1237 849 1278 aura
869 1238 983 1292 comas,

246 1315 303 1355 non
323 1317 378 1373 ego
399 1298 557 1373 Paelignos
577 1298 681 1357 videor
701 1300 851 1358 celebrare
873 1300 1022 1373 salubres,

282 1396 341 1436 non
360 1396 415 1453 ego
437 1378 581 1452 natalem,
602 1398 671 1437 rura
691 1386 829 1454 paterna,
851 1380 965 1452 locum,

245 1456 297 1515 sed
317 1457 471 1532 Scythiam
492 1458 660 1535 Cilicasque
680 1460 760 1517 feros
783 1459 953 1536 viridesque
976 1460 1148 1530 Britannos,

186 1535 224 1593 41)
282 1556 417 1614 quaeque
438 1538 615 1597 Prometheo
637 1556 709 1597 saxa
730 1557 834 1598 cruore
854 1541 970 1598 rubent.

243 1616 341 1675 ulmus
360 1624 441 1676 amat
460 1618 568 1691 ritem,
590 1618 660 1676 vitis
681 1637 741 1676 non
762 1618 875 1677 deserit
895 1620 1026 1678 ulmum:

282 1714 401 1772 separor
421 1716 438 1755 a
459 1697 578 1756 domina
598 1717 652 1757 cur
672 1717 727 1774 ego
749 1717 837 1775 saepe
858 1702 944 1758 mea?

243 1777 364 1835 etmihi
384 1783 415 1836 te
436 1778 574 1836 comitem
594 1777 708 1837 iuraras
730 1796 826 1855 usque
846 1780 978 1837 futuram

280 1874 334 1932 per
353 1876 402 1916 me
422 1875 536 1934 perque
557 1858 675 1931 oculos,
697 1858 796 1917 sidem
815 1865 932 1933 nostra,
954 1865 1029 1917 tuos.

185 1933 223 1991 45
241 1937 329 1994 verba
349 1937 532 2012 puellarum,
553 1938 633 1996 toliis
653 1938 765 1997 leviora
785 1939 922 2011 caducis,

278 2015 382 2075 inrita:
406 2036 465 2093 qua
484 2017 584 2075 risum
604 2024 651 2076 est
672 2026 780 2076 ventus
801 2025 832 2077 et
852 2019 933 2076 unda
952 2019 1061 2077 ferunt.

242 2095 325 2172 siqua
345 2096 405 2155 mei
425 2102 525 2155 tamen
546 2098 644 2156 estin
665 2102 695 2156 te
716 2098 766 2173 pia
787 2117 860 2157 cura
881 2098 994 2172 relicti,

279 2175 378 2251 incipe
398 2176 541 2252 pollicitis
561 2177 672 2236 addere
692 2178 771 2236 tacta
791 2180 868 2251 taio,

239 2273 389 2332 parvaque
410 2257 630 2333 quamprimum
651 2257 835 2333 rapientibus
856 2259 962 2317 esseda
984 2257 1099 2315 mannis

185 2333 220 2391 50
277 2335 343 2411 ipsa
363 2354 417 2412 per
437 2337 584 2395 admissas
604 2344 729 2396 concute
750 2338 812 2396 lora
832 2338 926 2397 iubas.

238 2420 269 2472 at
288 2433 357 2489 vos,
378 2434 437 2493 qua
457 2416 572 2490 veniet,
593 2417 701 2474 tumidi
723 2418 868 2476 subsidite
891 2423 1020 2491 montes,

277 2501 308 2553 et
328 2495 431 2555 faciles
452 2497 552 2554 curvis
573 2497 701 2555 vallibus
722 2504 800 2570 este,
822 2497 896 2556 viae.

582 2697 689 2705 ——.-

99 2783 236 2802 N

124 2856 160 2912 23.
181 2866 349 2929 virgineo:
373 2867 406 2915 de
430 2867 519 2931 Scylla
542 2869 612 2917 werd
635 2870 826 2932 atgeschilderd
851 2873 889 2919 als
913 2885 978 2920 eene
996 2872 1089 2934 maagd
1108 2871 1199 2919 metti

99 2921 194 3000 11111011,
218 2931 251 2980 11
277 2938 386 2996 voeten,
413 2934 504 2997 vurige
529 2949 612 2999 oogen
637 2951 670 2984 en
695 2937 741 2985 het
759 2937 872 2986 lichaam
890 2952 1019 3000 omgeven
1043 2942 1098 2986 met
1120 2953 1196 2986 vcor-

99 2997 245 3048 ultstekende
271 3000 378 3049 houden
404 3015 438 3049 en
463 3001 561 3050 andere
587 3008 730 3066 monsters,
763 3004 814 3066 vgl.
841 3002 913 3053 Ovid.
939 3003 1047 3053 Metam.
1073 3002 1119 3065 13,
1148 3003 1197 3052 751

98 3070 153 3125 Seqq.
178 3064 231 3129 Vgl.
254 3067 326 3116 Fasti
350 3066 392 3129 IV,
415 3066 471 3116 500.
489 3092 524 3101 —
539 3064 586 3118 24.
609 3069 731 3132 Malea,
755 3071 787 3118 de
811 3068 867 3119 Z.0.
891 3071 959 3133 kaap
982 3085 1033 3118 van
1050 3070 1102 3119 den
1120 3071 1195 3119 Pelo-

98 3137 203 3194 ponesus,
220 3134 262 3182 die
280 3134 336 3182 zich
354 3133 409 3197 stijl
427 3134 468 3182 uit
485 3135 516 3182 de
535 3149 578 3183 ree
596 3136 708 3184 verhett.
728 3136 824 3200 Herige
837 3137 1055 3186 dwarrelwinden
1069 3137 1195 3185 maakten

97 3190 120 3239 <le
140 3202 209 3247 vaart
233 3215 276 3248 om
302 3200 342 3248 dit
367 3200 492 3280 gebergte
518 3215 576 3249 zeer
602 3202 761 3266 gevaarlijk,
787 3204 902 3252 vandaar
928 3204 975 3252 het
997 3204 1197 3266 spreelwoord:

96 3252 186 3317 Μαλέας
208 3261 237 3313 δὲ
254 3262 368 3329 κάμψας
385 3262 513 3315 ε’πιλαθου
531 3270 584 3316 τῶν
601 3265 701 3316 οἴκαδε.
720 3295 754 3303 -
770 3266 807 3319 31.
833 3269 956 3330 Ηο1011,
979 3272 1031 3333 vgl.
1048 3270 1126 3319 Trist.
1145 3271 1194 3333 111,

95 3321 130 3388 10,
152 3329 189 3379 11.
211 3358 244 3366 -
268 3334 298 3382 111
326 3335 410 3396 plaats
435 3348 486 3382 van
512 3335 563 3382 den
589 3349 673 3384 accus.
697 3335 808 3384 Heron
831 3336 907 3385 rindt
930 3351 992 3385 men
1016 3338 1043 3386 in
1067 3338 1195 3401 sommige

94 3394 178 3445 codices
202 3400 252 3448 den
278 3414 352 3448 meer
374 3414 502 3462 gewonen
526 3416 599 3450 vorm
623 3401 722 3464 Hero,
749 3403 848 3451 nomin.
871 3404 922 3451 ook
946 3404 1044 3464 Her03
1071 3403 1127 3453 Lat.
1151 3403 1194 3454 Gr.

95 3454 166 3517 1111.
182 3490 214 3499 -
230 3466 382 3528 iuvenis,
400 3468 436 3516 nl.
454 3466 614 3516 Leander.
630 3493 662 3501 —
678 3465 723 3518 33.
741 3474 775 3517 at
792 3469 865 3518 sine
884 3474 916 3518 te
934 3471 1034 3533 gesteld
1053 3474 1195 3534 tegenover

95 3538 123 3573 ls-
137 3527 177 3579 Bi:
200 3546 273 3580 cum
291 3533 440 3582 domina:
459 3534 555 3582 zonder
572 3535 594 3584 U
612 3535 713 3583 zouden
732 3536 763 3584 de
782 3535 936 3599 heerlijhste
953 3538 1052 3586 oorden
1068 3553 1131 3587 roor
1149 3538 1192 3601 mij

94 3593 135 3667 1111
149 3603 225 3658 genet
241 3600 349 3647 missen.
360 3624 394 3632 —
405 3595 450 3650 39.
469 3600 670 3664 viridesque
687 3601 885 3651 Britannos:
904 3617 1012 3666 „omnes
1029 3619 1057 3653 se
1074 3605 1196 3653 Britanni

95 3661 228 3734 1111011101
247 3666 346 3728 meede,
366 3680 431 3715 eene
448 3668 535 3729 plant,
553 3667 595 3716 die
613 3682 679 3715 eene
695 3667 889 3731 blauwachtige
907 3669 1040 3719 hleurstof
1055 3670 1115 3734 gat)
1132 3671 1193 3719 insi-

94 3732 165 3791 01111,
189 3732 259 3794 quod
285 3734 437 3781 caeruleum
461 3731 541 3783 efficit
563 3736 691 3795 colorem,
718 3739 800 3797 atque
824 3736 873 3784 hoc
897 3737 1055 3785 horridiores
1079 3741 1142 3786 sunt
1165 3738 1194 3785 in

94 3804 167 3855 pugna
188 3797 319 3859 aspectu.'’
342 3797 415 3847 Caes.
439 3799 466 3847 Β.
491 3799 521 3848 G.
545 3799 575 3862 5,
598 3799 645 3863 11,
667 3800 691 3849 1.
709 3797 806 3851 -4o.
833 3802 1036 3851 Prometheo
1059 3817 1197 3864 cruore,

94 3859 134 3919 vgl.
149 3858 201 3912 Cat.
217 3862 310 3926 LXIV,
326 3863 383 3914 195.
401 3891 434 3899 -
451 3861 497 3916 49.
515 3867 662 3929 mannis,
681 3869 733 3930 vgl.
751 3867 827 3917 Lucr.
845 3868 896 3930 Ill,
914 3867 988 3917 1063.
