2850 4409
663 167 701 225 45

280 353 435 429 multaque
456 353 629 427 vincebant,
650 353 783 412 vitabant
803 370 898 429 pauca
917 353 1055 425 latobriS,

282 432 497 509 saetigerisque
517 450 605 508 pares
626 434 720 493 subus
740 433 890 492 silvestria
910 435 1043 493 membra

197 513 260 573 970
281 513 362 571 nuda
383 513 492 572 dabant
512 518 625 582 terrae,
645 517 790 572 nocturno
811 517 944 588 tempore
964 513 1058 589 capti,

282 592 397 651 circum
418 610 451 651 se
471 593 552 652 foliis
572 611 607 652 ac
627 592 784 652 frondibus
804 593 999 652 involventes,

280 690 337 731 nec
356 673 498 748 plangore
520 672 599 731 diem
621 691 729 748 magno
750 674 903 750 solemque
923 691 978 749 per
998 690 1086 748 agros

281 753 463 829 quaerebant
483 752 585 829 pavidi
605 754 741 828 palantes
761 752 858 812 noctis
877 753 909 811 in
930 753 1059 825 umbris,

282 832 337 891 sed
356 832 440 891 taciti
460 834 668 909 respectabant
688 850 851 909 somnoque
872 833 999 909 sepulti,

198 912 260 971 976
282 913 354 970 dum
375 930 460 971 rosea
479 912 544 972 face
566 913 610 972 sol
630 913 755 972 inferret
774 912 888 971 lumina
910 913 1008 972 caelo:

281 1011 299 1050 a
318 992 420 1069 parvis
441 993 521 1069 quod
542 993 622 1052 enim
642 998 822 1052 consuerant
841 1010 963 1053 cernere
985 1011 1104 1069 semper

281 1073 396 1132 alterno
416 1073 555 1131 tenebras
576 1078 607 1132 et
627 1073 727 1132 lucem
747 1077 882 1148 tempore
902 1073 1001 1149 gigni,

281 1171 341 1211 non
361 1158 426 1212 erat
444 1159 480 1211 ut
499 1153 565 1212 fieri
585 1158 688 1229 posset
709 1152 845 1212 mirarier
864 1171 1007 1229 umquam

199 1232 261 1290 980
282 1250 338 1291 1190
359 1232 499 1307 (illidere,
520 1251 558 1292 ne
578 1239 675 1292 terras
695 1240 817 1292 aeterna
837 1238 953 1292 teneret

281 1330 343 1370 nox
362 1312 395 1370 in
415 1318 596 1389 perpetuum
617 1313 750 1372 detracto
770 1312 884 1372 lumine
905 1313 985 1371 solis.

283 1393 337 1452 sed
357 1392 453 1468 magis
473 1393 551 1450 illud
571 1399 635 1451 erat
655 1411 759 1466 curae,
780 1393 862 1470 quod
882 1393 982 1452 saecla
1002 1393 1133 1453 ferarium

281 1472 421 1532 infestam
441 1472 560 1532 miseris
579 1472 728 1532 faciebant
750 1490 839 1549 saepe
860 1472 1008 1549 quietem:

282 1552 429 1629 eiectique
450 1552 538 1611 domo
557 1552 713 1628 fugiebant
734 1570 824 1612 saxea
844 1557 923 1611 tecta

199 1632 260 1691 985
281 1632 445 1708 spumigeri
467 1632 531 1691 suis
551 1634 683 1692 adventu
703 1633 855 1710 validique
876 1633 985 1706 leonis,

281 1717 371 1789 atque
392 1712 572 1789 intempesta
592 1712 738 1772 cedebant
757 1718 846 1773 nocte
866 1718 1011 1789 parentes

280 1792 450 1868 hospitibus
471 1793 568 1852 saevis
588 1793 714 1852 instrata
735 1792 845 1852 cubilia
864 1792 978 1852 fronde.
1002 1801 1005 1805 “

320 1871 385 1931 Nec
404 1872 496 1931 nimio
516 1877 582 1931 tum
602 1873 672 1949 plus
693 1891 783 1949 quam
803 1891 882 1932 nunc
902 1873 1038 1931 mortalia
1059 1873 1156 1932 saecla

282 1952 382 2012 dulcia
402 1952 577 2029 linquebant
596 1952 737 2012 lamentis
756 1953 871 2012 lumina
890 1953 978 2012 vitae.

199 2032 260 2091 9911
281 2050 360 2090 unus
381 2031 462 2091 enim
482 2037 548 2090 tum
568 2033 696 2109 quisque
718 2033 813 2108 magis
834 2034 1000 2109 deprensus
1020 2050 1123 2091 eorum

281 2112 391 2188 pabula
410 2111 479 2170 vira
499 2112 573 2172 feris
592 2113 769 2188 praebebat,
790 2113 931 2172 dentibus
951 2113 1093 2185 haustus,

281 2197 312 2251 et
332 2210 454 2251 nemora
473 2210 508 2251 ac
528 2193 638 2251 montis
659 2192 774 2268 gemitu
795 2193 946 2269 silvasque
966 2192 1115 2268 replebat,

280 2271 350 2330 viva
371 2272 477 2331 videns
498 2272 566 2330 rivo
587 2273 708 2349 sepeliri
729 2273 844 2332 viscera
864 2274 960 2332 busto

282 2358 313 2410 91
334 2370 410 2428 quos
430 2352 574 2428 effugium
596 2358 729 2411 servarat
750 2371 873 2429 corpore
894 2352 999 2425 adeso,

198 2432 260 2491 995
280 2432 431 2508 posterius
452 2433 596 2491 tremulas
617 2451 709 2508 super
729 2433 830 2492 ulcera
850 2438 927 2492 tetra
947 2438 1084 2492 tenentes

281 2511 398 2588 palmas
418 2512 573 2572 horriferis
593 2512 728 2572 accibant
749 2513 871 2572 vocibus
893 2510 1018 2583 Orcum,

282 2590 412 2668 donique
433 2610 484 2651 eos
505 2592 567 2651 vita
587 2593 740 2669 privarant
760 2593 894 2652 vermina
915 2611 1018 2666 saeva,

116 2823 157 2871 zie
180 2821 268 2870 boven
293 2835 325 2882 op
349 2834 385 2868 vs
409 2818 466 2868 934.
484 2844 517 2853 -
535 2814 598 2870 969.
623 2820 744 2882 subus,
767 2820 826 2868 hier
849 2821 881 2868 de
905 2825 990 2869 eerste
1010 2835 1028 2868 u
1046 2822 1121 2884 lang,
1145 2821 1244 2882 elders,

116 2888 166 2951 vl,
183 2885 249 2950 971,
268 2885 317 2935 977
335 2887 431 2949 stibus3
450 2900 494 2935 zoo
512 2886 562 2935 0011
579 2886 663 2936 bobus
680 2886 772 2936 bbbus
790 2887 933 2936 Naarmate
951 2902 1014 2936 men
1031 2901 1083 2935 van
1100 2887 1193 2936 suibus
1210 2902 1244 2936 en
1259 2890 1262 2895 ’

117 2954 230 3005 boribus
254 2954 288 3002 de
305 2954 407 3002 twaede
425 2955 584 3017 lettergreep
602 2957 658 3002 met
675 2953 707 3001 de
725 2958 811 3002 eerste
828 2954 1035 3016 gecontraheerd
1054 2954 1133 3003 dacht
1150 2954 1179 3003 of
1193 2955 1244 3002 wel

117 3022 316 3084 uitgestooten,
333 3021 415 3084 kreeg
431 3034 494 3068 men
511 3021 589 3083 lange
607 3020 636 3069 of
651 3020 727 3069 korte
744 3035 759 3070 o
777 3035 810 3069 en
829 3035 855 3069 u.
870 3046 903 3054 -
920 3016 984 3070 972.
1003 3035 1063 3069 nec
1081 3022 1244 3083 plangore

117 3092 181 3139 cett.
208 3089 229 3137 ’1
246 3086 352 3151 Schijnt
374 3087 421 3136 dat
445 3087 521 3136 Lucr.
543 3087 602 3135 hier
623 3087 655 3135 de
672 3101 738 3136 eene
755 3088 784 3136 of
798 3088 896 3136 andere
913 3088 1015 3136 theoria
1031 3087 1194 3136 betrellende
1211 3086 1244 3135 de

117 3160 205 3205 eerste
229 3154 377 3203 menschen
399 3153 535 3217 bestrijdt,
560 3154 629 3203 alsof
649 3153 712 3202 deze
732 3168 858 3202 wanneer
874 3155 906 3202 de
924 3169 972 3203 zon
988 3169 1043 3203 was
1060 3154 1244 3217 ondergegaan

118 3236 155 3271 en
176 3221 324 3270 duisternis
346 3221 379 3268 de
403 3221 481 3269 aarde
504 3221 662 3275 overdekte,
685 3225 742 3269 met
764 3235 838 3270 vrees
861 3235 896 3269 en
919 3225 997 3284 angst
1015 3221 1124 3269 vervnld
1143 3221 1244 3269 zouden

119 3293 237 3353 geweest
261 3287 327 3351 zijn,
350 3288 479 3337 wanende
501 3287 547 3336 dat
570 3287 602 3335 de
626 3301 672 3336 zon
696 3287 754 3336 niet
770 3302 840 3337 weer
857 3302 905 3336 zou
923 3302 1032 3351 opgaan.
1049 3314 1083 3321 —
1100 3283 1165 3338 974.
1190 3303 1244 3336 re-

119 3354 330 3418 spectabant
348 3369 378 3396 =
397 3353 577 3417 expectabant.
595 3379 628 3387 -
645 3349 708 3404 979.
735 3368 800 3403 11011
823 3359 898 3403 erat
922 3359 959 3403 ut
979 3354 1062 3403 fieri
1079 3360 1196 3418 posset
1213 3371 1244 3398 =

120 3421 178 3471 fieri
195 3436 250 3470 non
268 3424 385 3483 poterat;
403 3421 500 3483 daarop
514 3435 561 3470 rou
573 3420 698 3484 eigenlijk
712 3425 749 3469 111
760 3426 867 3470 moeten
879 3422 987 3484 volgen,
1004 3422 1061 3471 niet
1072 3436 1122 3471 een
1134 3421 1244 3485 infinit,

120 3502 194 3538 maer
215 3489 279 3537 deze
296 3486 371 3536 infin.
389 3487 412 3536 is
430 3488 488 3536 hier
504 3486 584 3551 gelijk
603 3502 653 3536 een
671 3488 753 3537 subst.
772 3488 926 3551 miratio,
950 3488 1169 3551 diffidentia;
1193 3502 1244 3538 van

119 3556 185 3605 daar
201 3555 268 3618 ook,
286 3554 333 3603 dat
350 3555 397 3603 1191
413 3554 517 3617 subject
533 3554 683 3603 ontbreekt.
701 3580 735 3588 -
752 3550 816 3605 985.
843 3555 1023 3618 validique
1040 3570 1102 3605 voor
1119 3557 1243 3618 validive,

119 3624 171 3684 vgl.
188 3620 265 3672 1937.
283 3646 318 3654 -
334 3616 398 3672 993.
418 3622 466 3670 Ι,91
483 3635 515 3683 op
533 3621 565 3669 de
583 3617 865 3672 9911919119-996.
884 3622 1058 3685 accibant,
1075 3625 1126 3686 vgl.
1144 3622 1245 3672 934.-

119 3685 184 3739 997.
208 3690 363 3751 donique
381 3702 411 3731 τι
430 3688 526 3750 (101190;
544 3688 650 3737 donec
667 3692 724 3737 met
740 3689 856 3752 plusqpf.
873 3689 1008 3738 indicativi
1024 3689 1047 3738 is
1064 3691 1120 3738 niet
1137 3689 1244 3753 gebrni·

120 3755 210 3820 kelijk.
228 3755 288 3805 Tac.
306 3755 373 3804 Hist.
387 3754 411 3817 l,
426 3753 442 3803 9
454 3755 529 3803 heeft
543 3755 643 3804 donec
660 3755 786 3818 aderat,
804 3759 858 3804 wat
870 3755 1001 3804 hetzelfde
1012 3756 1035 3804 is
1048 3757 1086 3805 als
1100 3761 1244 3805 venerat.

120 3822 170 3871 Zoo
186 3823 209 3872 is
226 3823 285 3872 hier
303 3822 376 3871 vita
393 3821 574 3884 privarant
592 3826 645 3870 wat
661 3821 713 3870 den
731 3822 771 3870 zin
790 3822 932 3871 betreft=
945 3823 1072 3871 mortui
1090 3828 1196 3871 erant„
1210 3847 1245 3855 -

120 3890 288 3954 vermina,
315 3888 456 3951 hnapeude
473 3894 608 3951 aurariam,
626 3889 695 3937 alsof
709 3903 827 3937 wormen
845 3889 892 3937 het
907 3889 1021 3938 lichaam
1039 3888 1194 3951 doorbijten.
1211 3914 1244 3921 —
