2850 4409
640 165 695 224 187

265 350 388 409 seducta
407 350 439 409 in
460 350 558 409 varias
578 356 730 410 certammt
749 356 871 427 pectora
890 368 993 426 curas;

265 435 296 489 et
316 430 526 507 quodcumque
547 449 641 506 sagax
661 431 804 490 tentando
824 431 958 507 repperit
977 448 1066 503 usus,

264 509 295 568 in
315 528 472 570 commune
493 512 603 569 bonnm
623 516 825 570 commentum
844 511 923 570 laeta
943 510 1099 570 dederunt.

176 645 179 650 .
208 589 246 647 85
264 595 337 650 tunc
359 595 390 650 et
410 590 514 666 lingua
534 608 604 650 suas
624 591 740 667 accepit
759 591 882 650 barbara
901 590 999 666 leges,

264 676 295 729 et
313 672 377 730 fera
397 670 526 730 diversis
546 671 679 730 exercita
698 670 836 746 frugibus
855 689 940 744 arra,

265 754 296 809 et
315 768 411 826 vagus
431 750 463 808 in
483 769 605 810 caecum
626 750 794 827 penetravit
813 750 914 808 navita
932 755 1073 826 pontum,

265 830 337 890 fecit
356 838 387 889 et
407 830 518 906 ignotis
537 830 628 889 itiner
647 830 825 890 commercia
844 829 942 889 terris.
961 863 965 869 ·

263 915 329 969 tum
349 910 418 969 belli
441 911 584 987 pacisque
604 916 685 970 artes
705 915 876 969 commenta
895 914 1045 978 vetustam

207 989 245 1048 90
265 1007 383 1067 semper
403 991 483 1049 enim
504 1009 544 1050 ex
564 990 632 1049 aliis
652 990 711 1049 alia
730 989 914 1067 proseminat
933 1007 1016 1049 usus.

262 1087 319 1129 nec
341 1070 463 1145 vulgata
482 1088 595 1129 canam.
615 1071 736 1145 linguas
756 1070 888 1129 didicere
908 1070 1078 1144 volucrum,

265 1150 434 1209 consultare
454 1151 559 1224 fibras,
580 1156 612 1210 et
630 1168 771 1226 rumpere
791 1149 914 1209 vocibus
933 1167 1062 1226 angues,

264 1229 425 1289 sollicitare
445 1231 566 1289 umbras
586 1230 741 1306 imumque
761 1230 931 1291 Acheronta
951 1247 1085 1304 movere,

263 1309 295 1367 in
314 1315 494 1386 noctemque
515 1310 595 1384 dies,
615 1310 647 1368 in
666 1311 769 1369 lucem
790 1315 906 1369 vertere
926 1314 1036 1369 noctes.

207 1388 245 1447 95
264 1389 362 1448 omnia
382 1390 516 1449 conando
537 1389 642 1449 docilis
664 1390 784 1449 solertia
805 1387 885 1448 vicit.

263 1487 318 1528 nec
338 1470 423 1546 pn‘us
443 1469 587 1546 imposuit
607 1470 697 1529 rebus
717 1470 868 1546 finemque
889 1487 1086 1546 manumque,

265 1567 353 1626 quam
374 1549 493 1608 caelum
512 1549 670 1609 adscendit
689 1549 779 1623 ratio,
801 1548 940 1625 cepitque
960 1548 1142 1625 protundum

263 1634 399 1688 naturam
419 1647 520 1689 rerum
540 1629 654 1700 causis,
675 1629 812 1706 viditque
833 1628 914 1706 quod
935 1646 1062 1705 usquam
1082 1633 1145 1688 est:

262 1708 365 1767 nubila
385 1727 440 1768 cur
459 1714 542 1768 tanto
562 1714 758 1786 quaterentur
776 1709 865 1785 pulsa
884 1709 1015 1785 fragore,

186 1787 243 1846 100
262 1788 386 1848 hiberna
405 1790 519 1848 aestiva
538 1789 593 1847 nix
613 1789 758 1865 grandine
779 1789 896 1848 mollior
916 1793 1012 1862 esset,

262 1868 403 1928 arderent
422 1874 519 1928 terrae
540 1869 714 1946 solidusque
735 1868 921 1929 tremisceret
941 1867 1035 1943 orbis,

262 1966 317 2007 cur
336 1948 448 2008 imbres
468 1956 604 2023 ruerent,
625 1954 731 2008 ventos
752 1968 828 2026 quae
850 1967 942 2009 cansa
961 1953 1109 2021 moveret,

112 2106 263 2119 ——a

112 2216 141 2263 de
161 2218 227 2266 nood
251 2218 334 2280 dreng
356 2217 389 2266 de
411 2216 574 2281 bezittingen
595 2221 622 2266 te
639 2217 781 2280 bewalen,
807 2217 848 2266 die
865 2231 928 2266 men
945 2210 1097 2265 vedworven
1115 2215 1175 2265 had.
1193 2240 1227 2249 -

112 2278 152 2334 82.
173 2284 205 2332 de
222 2284 367 2333 menschen
384 2284 503 2347 begaven
521 2284 577 2334 zicb
595 2284 771 2349 wedijverend
789 2284 821 2333 de
838 2297 888 2333 een
905 2287 946 2333 tot
962 2283 1015 2347 dit,
1037 2283 1070 2332 de
1087 2283 1170 2331 ander
1185 2287 1226 2331 tot

111 2363 156 2398 een
177 2352 258 2400 ander
280 2351 362 2399 werk.
379 2375 413 2385 -
429 2346 477 2401 84.
501 2352 595 2400 laeta
617 2352 686 2400 slaat
708 2366 741 2413 op
765 2355 870 2413 pectora
893 2365 929 2400 vs.
947 2348 980 2398 82
998 2364 1028 2392 =
1047 2349 1176 2399 homines
1193 2374 1226 2383 -

111 2422 346 2479 commentum,
370 2418 462 2467 bunne
483 2418 606 2480 binding.
623 2442 656 2451 -
673 2413 720 2468 88.
745 2418 865 2466 itiner:
888 2417 970 2466 dezen
986 2431 1062 2466 vorm
1079 2431 1142 2466 roor
1157 2416 1226 2465 iter

111 2483 180 2533 vindt
196 2499 256 2534 men
274 2484 371 2533 anders
388 2484 486 2533 slecbts
503 2484 538 2548 bij
557 2484 626 2533 oude
644 2484 773 2546 dientem,
797 2486 836 2533 als
854 2483 979 2547 Plautus,
997 2483 1064 2533 doch
1081 2483 1132 2533 ook
1150 2483 1225 2532 Lucr.

111 2549 154 2612 Vl,
170 2549 226 2601 339.
240 2576 275 2585 —
289 2547 334 2601 92.
353 2550 476 2614 fibras,
494 2551 527 2599 de
544 2551 621 2600 lever.
639 2549 688 2600 Om
706 2565 789 2615 geene
805 2551 989 2614 alledaagsche
1007 2550 1105 2614 dingen
1122 2554 1149 2600 te
1167 2565 1225 2598 ver-

110 2618 210 2667 melden
233 2624 305 2668 somt
329 2618 362 2666 de
388 2617 492 2666 dichter
516 2617 575 2665 hier
599 2618 699 2667 slechts
725 2618 758 2666 de
781 2617 899 2666 kunsten
922 2617 968 2666 der
991 2631 1170 2681 waarzeggers
1192 2631 1226 2666 en

110 2686 257 2734 toovenaars
282 2699 323 2747 op.
349 2709 383 2718 -
409 2698 565 2746 rumpere
591 2698 734 2747 angues:
767 2685 800 2733 de
825 2684 1115 2747 slangenbezweerders
1140 2684 1225 2733 deden

110 2749 166 2799 door
183 2753 275 2801 bunne
291 2750 477 2814 bezweringen
494 2750 527 2799 de
544 2752 655 2815 slangen
672 2750 787 2800 bersten.
805 2749 862 2813 Vgl.
881 2749 956 2814 Verg.
975 2751 1027 2801 Ecl.
1045 2749 1074 2814 8,
1088 2749 1132 2800 ll:
1150 2751 1225 2813 frigi-

110 2815 155 2866 dus
175 2819 203 2867 in
225 2818 309 2881 pratis
332 2818 463 2866 cantando
486 2818 621 2880 rumpitur
644 2818 753 2880 augum,
775 2832 809 2866 en
833 2816 906 2867 Ovid.
929 2817 1037 2868 Metam.
1062 2816 1090 2878 7,
1112 2815 1175 2866 203:
1201 2817 1225 2865 vi

110 2885 188 2944 perias
211 2899 307 2947 rumpo
331 2883 419 2932 verbis
441 2888 469 2933 et
491 2884 609 2933 carmine
632 2884 730 2933 fauces.
756 2884 786 2932 ln
810 2898 859 2933 een
883 2884 1017 2947 fragment
1039 2898 1090 2932 van
1108 2883 1225 2933 Lucilius

109 2947 152 3007 (rs.
174 2950 223 3000 513
245 2950 281 3016 bij
307 2947 427 3011 Lachm.)
450 2951 536 2999 wordt
558 2966 587 2999 er
608 2964 674 2999 eene
696 2950 848 3012 verklaring
871 2964 921 2999 van
946 2950 986 2999 dit
1010 2950 1151 2999 bersten
1174 2964 1225 2998 aan

109 3019 276 3080 toegevoegd:
303 3016 443 3080 „colubras
465 3017 607 3080 disrumpit
629 3022 725 3080 cantu,
750 3031 831 3066 venas
853 3031 915 3066 cnm
938 3016 1087 3066 extenderit
1108 3015 1224 3065 omnes’'

109 3081 161 3145 Vgl.
178 3084 290 3133 Brehms
307 3083 460 3146 Tierleben‚
478 3082 509 3132 3r
526 3083 595 3132 dull.
613 3083 671 3133 7ter
687 3084 760 3132 Band
778 3098 836 3147 pag.
854 3082 904 3132 365
920 3085 989 3198 vqlgg.
1007 3108 1040 3116 —
1057 3078 1102 3132 93.
1124 3083 1224 3132 solli-

108 3150 211 3200 citare
228 3150 382 3200 umbras:
405 3151 557 3199 scbimmen
573 3164 723 3213 oprocpen;
740 3153 791 3214 vgl.
808 3149 822 3198 l
842 3149 913 3199 Sam.
981 3164 986 3198 :
1006 3148 1020 3198 7
1038 3151 1106 3212 vlgg.
1133 3149 1226 3198 Medea

108 3213 139 3279 bij
157 3215 230 3267 Ovid.
248 3217 535 3280 „iubeoque..manes
551 3218 622 3265 exire
640 3218 779 3279 sepulcris3
799 3232 834 3266 vs.
852 3215 910 3265 206.
924 3242 958 3251 -
975 3212 1021 3266 94.
1040 3216 1074 3264 in
1091 3221 1224 3265 noctem

108 3281 176 3331 dies
197 3291 349 3333 vertere:
374 3298 418 3332 zoo
437 3288 495 3347 zegt
511 3283 604 3332 Medea
619 3284 659 3332 als
676 3289 832 3333 toovenares
848 3284 875 3332 in
894 3283 926 3332 de
943 3284 1026 3333 boren
1045 3296 1096 3331 aan
1114 3283 1225 3332 ebaalde

108 3349 188 3409 plaats
204 3366 256 3400 van
275 3349 397 3400 Ovidius:
416 3350 525 3412 „nubila
542 3351 610 3412 pello
627 3349 773 3414 nubilaque
787 3350 908 3412 induco”;
926 3365 962 3399 vs.
975 3348 1033 3399 201.
1044 3374 1079 3383 —
1091 3297 1135 3400 ὦ.
1154 3364 1224 3399 cae-

108 3414 172 3465 lum
190 3417 375 3467 adscendit
392 3417 482 3465 ratio
499 3421 575 3466 cett:
593 3417 626 3466 cf.
644 3417 720 3465 Lucr.
738 3417 763 3480 l,
781 3416 825 3478 703
848 3431 898 3465 van
915 3417 1044 3479 Epicurus
1061 3417 1146 3467 wordt
1162 3417 1225 3466 daar

109 3486 213 3547 gezegd:
237 3484 378 3547 offringere
402 3488 434 3531 ut
455 3488 514 3532 arta
536 3488 647 3532 naturae
671 3484 773 3546 primus
796 3488 932 3546 portarum
956 3483 1224 3547 claustraYupir‘e't..

107 3554 183 3612 atque
208 3565 288 3600 omne
311 3550 475 3598 immensum
497 3551 645 3613 peragravit
661 3554 752 3599 mente
768 3550 919 3613 animoque.
936 3575 969 3584 -
987 3566 1021 3601 en
1038 3552 1226 3601 submersor

107 3618 211 3667 mactae
227 3632 282 3666 van
298 3618 332 3666 de
348 3617 439 3678 diepte
455 3617 505 3665 der
520 3622 624 3666 natuur
640 3617 708 3666 door
719 3617 752 3666 de
763 3617 894 3667 oorzctcn
905 3614 953 3678 (nl.
965 3622 992 3666 te
1004 3619 1095 3667 leeren
1107 3616 1225 3679 konnen)

108 3681 130 3730 d.
138 3682 155 3733 i.
172 3685 206 3733 de
223 3684 367 3747 patrimon
385 3683 434 3732 der
447 3689 550 3732 natuur
561 3684 685 3733 ontdckte
697 3684 764 3732 door
777 3684 811 3733 de
822 3684 952 3732 oorzuken
966 3689 990 3733 te
1003 3684 1225 3744 heracleonem

108 3748 142 3797 zie
164 3765 200 3800 vs.
224 3749 283 3799 106.
300 3775 334 3784 -
351 3745 396 3800 99.
421 3748 543 3798 nubila
565 3750 717 3812 fragore:
741 3750 794 3799 den
816 3751 916 3799 donder
937 3750 1091 3800 verklaarde
1113 3765 1174 3800 men
1193 3766 1225 3813 op

107 3817 295 3866 verschillende
317 3816 410 3880 wijzen
434 3817 475 3864 als
495 3830 544 3864 een
561 3817 665 3880 geluid‚
689 3817 753 3864 door
769 3817 801 3866 de
819 3817 924 3866 wolken
942 3818 1125 3881 veroorzaalrt‚
1149 3818 1224 3867 Lucr.

107 3879 151 3945 Vl,
167 3881 292 3932 96-160.
310 3909 343 3916 —
361 3878 408 3933 ΙθΙ.
427 3882 645 3945 Vuurspuwende
662 3883 761 3945 bergen
780 3898 813 3932 en
832 3882 1034 3947 aardbevingen.
