2850 4409
661 163 720 221 223

623 375 685 451 nr,
709 377 758 436 41.

371 552 486 612 Inserta
507 551 625 629 phialae
643 552 791 612 Mentaris
811 571 901 612 manu
922 554 1012 613 ducta

370 633 480 692 lacerta
500 632 576 691 vivit
595 638 626 692 et
646 632 770 692 timetur
790 640 956 709 argentum.

630 848 683 923 rv,
705 851 753 907 21.

369 1025 477 1086 Nullos
491 1002 565 1087 'esse
587 1027 674 1101 deos,
694 1027 783 1086 inane
803 1027 922 1086 caelum

369 1107 497 1166 affirmat
518 1106 626 1183 Segius
645 1108 826 1184 probatque,
847 1106 929 1185 quud
950 1125 984 1166 se

369 1187 496 1261 tactum,
517 1187 589 1246 dum
610 1192 700 1263 negat
719 1188 791 1260 hoc,
812 1186 896 1247 videt
916 1188 1045 1247 beatum.

629 1400 682 1474 lv,
704 1403 753 1460 41.

370 1566 447 1641 Quid
468 1569 649 1628 recitaturus
668 1569 838 1628 circumdas
859 1569 973 1629 vellera
992 1569 1094 1628 collo?

369 1648 546 1708 conveniant
558 1648 677 1708 'nostris
697 1649 820 1708 auribus
839 1648 900 1707 ista
920 1647 1024 1725 magis.

636 1852 673 1926 y,
697 1855 743 1912 13.

290 2020 378 2088 Sum,
398 2022 507 2095 fateor,
530 2039 707 2098 semperque
728 2021 789 2095 fui,
811 2020 997 2094 Callistrate,
1019 2038 1149 2097 pauper,

331 2100 463 2160 sednon
485 2101 628 2160 obscurus
649 2119 705 2160 nec
726 2102 803 2160 male
824 2108 913 2160 nctus
934 2117 1042 2178 eques,

289 2181 343 2240 sed
363 2187 425 2239 toto
446 2181 530 2257 legor
549 2182 619 2240 orbe
640 2181 783 2258 frequens
803 2185 835 2241 et
855 2180 966 2240 dicitur
987 2180 1054 2254 „hic
1074 2179 1152 2254 est”,

329 2261 468 2338 quodque
489 2261 565 2320 cinis
586 2261 702 2337 paucis,
724 2262 780 2320 hoc
801 2260 874 2320 mihi
895 2261 957 2319 vita
978 2260 1070 2320 dedit.

249 2343 267 2399 5
288 2347 319 2399 at
338 2347 391 2399 tua
411 2341 545 2400 centenis
564 2341 743 2400 incumbunt
763 2346 844 2401 tecta
864 2341 1011 2400 columnis

328 2427 360 2480 et
379 2420 534 2480 libertinas
554 2439 622 2479 arca
642 2421 776 2496 flagellat
795 2438 883 2497 opes,

289 2519 454 2577 magnaque
475 2499 608 2560 Niliacae
629 2501 724 2559 servit
744 2501 799 2559 tibi
818 2502 906 2576 gleba
927 2500 1057 2575 Syenes,

328 2580 432 2640 tondet
452 2584 483 2639 et
501 2580 674 2640 innumeros
695 2579 810 2640 Gallica
830 2580 937 2640 Parma
956 2598 1072 2657 greges.

288 2660 344 2719 hec
357 2678 413 2736 ego
427 2665 520 2737 tuque
535 2677 653 2719 sumus:
671 2661 726 2720 sed
739 2660 820 2737 qued
835 2678 916 2735 sum,
933 2679 993 2720 non
1006 2667 1092 2737 putes
1106 2678 1189 2722 esse:

229 2741 267 2799 10
328 2745 363 2799 tn
382 2740 462 2816 quod
484 2758 531 2814 es,
553 2759 570 2800 e
590 2740 701 2817 populo
722 2740 849 2818 quilibet
869 2758 936 2800 esse
957 2747 1064 2817 potest.

124 2961 230 3010 waarcp
254 2947 283 2995 in
300 2945 440 3009 drqfwcrle
457 2947 579 2996 visschen
596 2962 685 2996 waren
703 2947 876 3011 vcorgesteld.
894 2972 927 2981 -
944 2946 1128 2996 Phidiacae
1147 2945 1251 3009 bewijst

124 3014 182 3064 niet
199 3014 246 3062 dat
263 3011 393 3062 Martialis
410 3014 490 3062 dacht
507 3028 557 3062 aaa
575 3026 624 3062 een
642 3015 719 3076 eigen
737 3013 810 3062 werk
828 3028 879 3063 van
898 3013 1012 3063 Phidias.

159 3081 210 3143 Ill,
234 3078 275 3129 41.
311 3077 328 3129 Ι.
351 3079 530 3129 Mentiris:
553 3079 671 3141 Mentor,
694 3095 745 3129 een
769 3081 947 3142 hunstenaar,
971 3079 1095 3129 bercemd
1116 3079 1180 3128 door
1198 3078 1250 3142 zijn

125 3148 258 3211 gedreven
280 3146 486 3209 kunstwerlen‚
510 3147 595 3195 leefde
612 3147 640 3195 in
658 3147 690 3195 de
709 3146 765 3196 lste
783 3147 852 3196 helft
868 3161 920 3195 van
937 3147 969 3196 de
986 3146 1036 3195 lde
1053 3159 1128 3195 eeuw
1146 3161 1169 3195 v.
1187 3144 1248 3195 Chr.

158 3213 201 3276 lv,
226 3211 268 3262 ll.
304 3210 322 3262 Ι.
348 3213 493 3262 vellera:
520 3214 552 3262 de
578 3214 698 3276 spreter,
725 3213 766 3262 die
789 3228 839 3262 een
862 3213 1020 3263 vocrdracht
1042 3218 1105 3276 gaal
1129 3212 1250 3275 houden,

125 3281 199 3330 heeft
216 3294 267 3328 een
284 3280 380 3328 wellen
397 3280 447 3328 das
464 3295 508 3329 orn
525 3280 577 3329 den
596 3279 654 3328 hals
671 3280 787 3343 gedaan,
806 3280 898 3329 eradat
915 3280 951 3345 hij
970 3279 1122 3329 verkauden
1140 3280 1169 3328 is.

158 3346 189 3409 V,
213 3345 255 3395 13.
290 3343 317 3396 2.
341 3360 460 3408 eques:
484 3360 549 3395 naar
567 3347 618 3395 den
636 3361 732 3396 census
749 3361 802 3396 was
819 3346 948 3396 Martialis
965 3361 1033 3411 geen
1050 3346 1151 3408 ridder,
1175 3359 1252 3395 mear

125 3414 294 3463 Domitianus
317 3412 370 3461 had
393 3413 455 3461 hem
478 3413 560 3461 ander
583 3413 700 3461 anderen
723 3410 780 3473 (zoa
803 3413 842 3462 als
866 3415 913 3463 het
931 3414 973 3463 ias
989 3412 1073 3463 trium
1090 3413 1248 3475 liberarum,

125 3482 176 3544 vgl.
200 3494 259 3543 pag.
283 3477 348 3540 131,
371 3493 408 3527 rs,
432 3477 476 3539 71)
500 3479 547 3527 het
569 3480 644 3528 recht
665 3480 835 3541 geschonken
858 3495 901 3530 om
924 3480 952 3529 in
975 3480 1023 3528 het
1044 3480 1150 3528 theater
1167 3494 1199 3542 op
1216 3479 1252 3529 de

127 3548 210 3608 plaats
228 3547 277 3595 der
294 3546 400 3609 equites
416 3549 443 3594 te
460 3546 555 3607 aitten,
573 3548 624 3609 vgl.
642 3546 692 3605 lll,
709 3542 751 3595 95.
768 3571 802 3580 —
819 3542 846 3596 4.
865 3547 954 3596 cinis
970 3560 1000 3589 =
1015 3560 1092 3596 mars.
1110 3572 1144 3580 -
1161 3542 1186 3597 6.
1205 3546 1248 3594 li-

125 3613 316 3662 bertinus..
327 3626 417 3674 opes:
436 3611 468 3660 de
485 3611 598 3676 rijkdom
616 3612 664 3660 der
675 3611 867 3675 vrijgelatenen
880 3628 934 3662 was
947 3613 1203 3678 spreekwcordelijh.
1216 3638 1250 3647 -

125 3680 307 3743 flagellat,
330 3685 430 3740 zweept
452 3693 499 3740 op,
524 3677 604 3741 dm'jft
625 3693 675 3740 op:
699 3676 746 3726 he't
769 3679 885 3741 kapitaal
909 3680 992 3729 wurdt
1014 3685 1182 3744 cpgezwaept
1204 3693 1249 3728 om

124 3746 230 3796 telkens
253 3759 330 3795 maer
353 3745 433 3793 winst
455 3750 482 3793 te
504 3759 595 3809 geven.
611 3770 646 3779 —
662 3741 688 3795 7.
713 3744 857 3808 Syenes:
880 3750 920 3795 tot
936 3760 987 3795 aan
1005 3748 1052 3797 het
1068 3747 1180 3796 uiterste
1197 3759 1248 3794 van

126 3812 171 3863 het
194 3812 372 3862 Rameinsche
396 3810 503 3874 gebied,
526 3809 613 3874 Syene
636 3812 663 3861 in
686 3811 819 3875 Aegypte,
844 3813 917 3861 heeft
940 3811 976 3874 hij
1000 3812 1068 3877 zijne
1088 3812 1251 3863 vruchtbare

125 3879 228 3929 alkers.
246 3905 280 3913 -
297 3874 325 3929 8.
345 3878 463 3927 Parma
479 3878 508 3926 in
525 3876 611 3927 Gallia
628 3877 741 3927 citerior
756 3878 862 3927 leverde
881 3878 943 3942 fijne
960 3881 1011 3928 wal
1028 3895 1071 3942 op.
