2850 4409
692 132 751 189 206

319 335 375 376 nec
395 317 492 376 coiere
512 334 615 393 pares:
636 317 728 389 alter,
749 317 941 392 vergentibus
961 317 1051 376 annis

242 398 299 456 130
318 398 350 456 in
372 398 489 457 senium
509 397 657 473 longoque
678 404 764 471 togae
785 397 974 473 tranquillior
994 415 1067 471 usn,

319 477 465 536 dedidicit
484 477 545 535 iam
564 494 638 553 pace
658 477 781 549 ducem,
802 478 958 553 famaeque
979 477 1102 552 petitor,

319 558 413 615 multa
434 557 505 615 dare
525 556 557 615 in
578 557 699 632 volgus,
723 562 804 615 totus
824 557 1018 633 popularibus
1038 558 1121 616 auris

319 637 450 713 impelli,
471 637 640 714 plausuque
662 636 709 694 sui
729 637 860 712 gaudere
882 637 1006 696 theatri:

318 736 374 776 nec
394 735 532 793 reparare
551 734 644 775 novas
663 717 758 789 vires,
780 717 969 793 multumque
988 717 1080 794 priori

241 797 299 855 135
319 797 441 856 credere
461 798 607 856 fortunae.
630 801 689 854 stat
708 796 809 872 magni
829 797 958 855 nominis
978 798 1098 856 umbra:

319 877 418 954 qualis
437 877 581 952 frugifero
601 894 731 952 quercus
751 877 888 935 sublimis
907 876 940 935 in
960 895 1031 952 agro

320 957 445 1016 exuvias
465 963 583 1015 veteres
604 956 706 1032 populi
730 963 902 1034 sacrataque
922 962 1044 1031 gestans

319 1037 396 1096 dona
416 1036 541 1096 ducum:
564 1054 620 1095 nec
639 1037 698 1094 iam
719 1036 828 1095 validis
848 1037 998 1095 radicibus
1019 1038 1159 1111 haerena,

319 1117 450 1193 pondere
471 1117 531 1175 fixa
552 1134 622 1189 suo,
642 1117 800 1193 nudosque
821 1134 875 1192 per
895 1135 963 1175 aera
983 1135 1080 1175 ramos

242 1196 299 1255 140
319 1197 491 1267 effundens,
512 1205 633 1268 truncO,
653 1215 713 1255 non
733 1197 889 1255 frondibus
909 1197 1001 1256 efficit
1021 1197 1173 1272 umbram3

319 1282 350 1336 et
370 1277 507 1353 quamvis
527 1277 623 1353 primo
644 1282 730 1335 nutet
749 1294 855 1335 casura
876 1278 931 1336 sub
952 1277 1046 1350 Euro,

320 1362 364 1416 tot
384 1357 497 1416 circum
517 1357 610 1415 silvae
631 1356 716 1415 firmo
738 1374 770 1415 se
790 1358 894 1416 robore
914 1356 1034 1429 tollant,

320 1437 383 1495 sola
403 1443 502 1495 tamen
523 1435 639 1495 colitur.
661 1437 714 1495 sed
735 1436 846 1494 nonin
868 1436 994 1495 Caesare
1014 1441 1131 1494 tantum

318 1535 427 1576 nornen
448 1521 525 1588 erat,
546 1534 603 1575 neo
622 1517 701 1574 fama
722 1516 823 1588 ducis,
845 1516 899 1575 sed
919 1516 1019 1575 nescia
1039 1516 1135 1575 virtus
1219 1516 1222 1521 ⁴

241 1598 299 1655 145
321 1603 400 1655 stare
421 1597 500 1669 loco,
522 1597 664 1673 solusque
684 1597 782 1673 pudor
802 1614 861 1655 non
882 1596 1001 1655 vincere
1021 1596 1107 1655 bello.

319 1695 388 1736 acer
408 1682 439 1735 et
458 1676 637 1750 indomitus,
659 1694 718 1753 quo
740 1694 825 1752 spes,
846 1695 965 1755 quoque
985 1677 1030 1734 ira
1050 1680 1201 1749 vocasset,

319 1759 398 1816 ferre
419 1775 555 1829 manum,
576 1775 740 1833 numquam
760 1757 932 1816 temerando
953 1774 1074 1832 parcere
1094 1757 1189 1828 ferro,

320 1854 478 1895 successus
499 1855 606 1911 urgere
628 1854 713 1908 suos,
733 1836 846 1895 instare
866 1836 960 1895 favori

319 1916 467 1989 numinis,
487 1916 647 1993 impellens
668 1916 817 1993 quidquid
838 1917 895 1975 sibi
916 1935 1032 1975 summa
1051 1914 1164 1992 petenti

242 1997 299 2055 150
320 1998 466 2070 obstaret,
488 1996 683 2075 gaudensque
704 1996 782 2054 viam
803 1996 912 2055 fecisse
932 1996 1026 2055 ruina.

319 2077 448 2154 qualiter
468 2094 646 2152 expressum
667 2076 766 2135 ventis
786 2095 841 2152 per
859 2076 962 2135 nubila
981 2076 1096 2134 fulmen

320 2157 450 2217 aetheris
470 2156 593 2233 impulsi
614 2156 728 2230 sonitu,
750 2156 914 2233 mundique
934 2157 1050 2232 fragore

319 2237 457 2309 emicuit,
478 2237 619 2312 rupitque
640 2236 735 2309 diem,
757 2237 942 2312 populosque
964 2235 1100 2311 paventis

319 2318 441 2390 terruit,
462 2317 581 2392 obliqua
601 2316 824 2392 praestringens
843 2316 957 2375 lumina
976 2316 1111 2389 flamma,

242 2399 299 2455 155
319 2397 351 2454 in
372 2415 426 2455 sua
447 2398 558 2473 templa
578 2396 666 2469 furit,
687 2397 830 2473 nullaque
850 2396 934 2455 exire
955 2401 1073 2455 vetante

319 2476 458 2550 materia,
479 2495 676 2553 magnamque
698 2477 824 2549 cedens,
846 2494 1043 2552 magnamque
1063 2481 1218 2534 revertens

320 2557 372 2614 dat
392 2562 521 2632 stragem
542 2558 617 2630 late,
639 2574 818 2633 sparsosque
839 2556 987 2631 recolligit
1007 2555 1094 2631 ignis.

161 2702 322 2711 .—

159 2792 253 2856 goden.
276 2817 310 2824 -
333 2787 386 2841 129.
411 2793 515 2847 aiter,
539 2793 575 2840 nt.
599 2791 747 2852 Pompeius.
765 2816 799 2824 -
817 2787 870 2841 133.
894 2790 948 2839 sui
971 2791 1116 2839 theatri:
1141 2789 1286 2853 Pompeius

160 2859 211 2908 had
235 2873 268 2921 op
291 2859 342 2906 den
365 2872 474 2920 campus
497 2858 608 2907 Martius
631 2871 681 2906 een
700 2857 821 2921 praohtig
837 2858 956 2918 theater,
981 2857 1027 2906 dat
1044 2872 1106 2905 voor
1123 2853 1207 2905 40000
1224 2860 1285 2905 toe-

159 2927 310 2976 sohonwers
329 2927 413 2988 plaats
431 2926 496 2987 bad,
514 2927 587 2973 laten
605 2925 717 2973 bouwen
735 2938 768 2972 en
785 2924 886 2987 opende
906 2923 997 2972 hetin
1015 2923 1047 2973 55
1065 2938 1088 2973 v.
1104 2922 1146 2985 0.,
1163 2929 1226 2972 toeu
1244 2923 1283 2988 hij

159 2994 252 3043 consul
269 2987 445 3041 was-137.
463 2991 606 3040 exuuias
624 2996 774 3040 veteres:
792 2991 819 3039 in
837 2991 906 3039 oude
923 2990 1006 3054 tijden
1024 3005 1078 3039 was
1096 3004 1157 3038 men
1173 3003 1285 3054 gewoon

160 3074 195 3109 na
207 3073 257 3108 een
269 3073 416 3123 gewonnen
428 3058 545 3121 veldslag
557 3058 590 3106 de
602 3072 731 3120 wapenen
743 3058 790 3106 der
801 3057 996 3107 overwinnaars
1007 3058 1048 3105 als
1059 3071 1109 3105 een
1123 3056 1285 3119 zegeteeken

159 3132 187 3177 te
204 3126 356 3189 bevestigen
374 3140 425 3174 aan
443 3126 494 3174 den
512 3130 580 3173 stam
599 3125 628 3173 of
643 3140 675 3187 op
692 3132 720 3173 te
738 3125 843 3187 haugen
855 3138 907 3173 aan
919 3124 951 3172 de
963 3124 1064 3173 takken
1078 3138 1129 3171 van
1141 3137 1192 3172 een
1203 3122 1285 3175 boom

159 3194 242 3242 inde
266 3193 407 3256 nabijbeid.
424 3217 457 3226 —
476 3192 606 3254 populi,
630 3191 662 3239 de
685 3191 806 3240 soldaten
830 3192 926 3239 zonder
945 3205 1024 3254 rang,
1047 3191 1075 3238 in
1092 3189 1285 3254 tegenstelling

160 3264 216 3309 met
232 3261 265 3309 de
283 3261 393 3308 duces.
411 3285 444 3292 —
463 3255 519 3309 145.
544 3259 662 3320 pudor:
685 3258 812 3306 daarover
829 3259 914 3307 alleen
932 3257 1074 3307 schaamde
1092 3256 1128 3320 hij
1147 3256 1219 3319 zicb,
1237 3257 1286 3309 dat

160 3326 196 3392 hij
222 3327 278 3375 niet
296 3328 361 3376 door
376 3326 404 3375 in
422 3327 474 3374 den
491 3326 581 3389 oorlog
598 3331 625 3374 te
642 3325 826 3388 overwinnen,
850 3339 925 3373 maan
941 3339 974 3385 op
992 3324 1089 3373 andere
1108 3322 1196 3387 wij2e,
1220 3323 1286 3373 door

160 3407 209 3442 een
234 3393 345 3456 verdmg
367 3392 428 3457 bijv.
447 3408 494 3441 zou
513 3391 663 3455 verkrijgen
680 3397 735 3440 wat
752 3391 787 3454 hij
806 3391 892 3440 wilde.
910 3417 944 3424 -
961 3386 1017 3441 147.
1043 3390 1243 3440 temerando
1261 3408 1284 3441 ..¹

160 3460 266 3520 ferro,
283 3474 313 3508 er
329 3461 404 3508 accit
422 3465 499 3521 fagea
516 3461 612 3521 opzien
630 3457 681 3520 zija
699 3459 805 3507 zwaard
821 3464 845 3507 te
859 3455 1017 3520 ontwt'jden,
1035 3457 1091 3506 Lat.
1105 3456 1147 3506 Gr.
1161 3454 1286 3519 §ooa-

161 3522 217 3576 149.
235 3526 463 3588 impellens:
477 3530 654 3587 prosternens
670 3550 703 3559 -
722 3521 768 3574 151.
787 3539 984 3587 expressum
1002 3524 1116 3572 uentis
1135 3524 1285 3601 fulmen,

161 3594 216 3711 itt.
238 3593 383 3721 {¹3be
401 3591 459 3721 ῗέι.
482 3589 1130 3722 ,atfiaftt‘tttt,bttuatfdttd
1143 3595 1285 3707 dffiffl

160 3727 290 3788 templa
312 3726 341 3773 of
362 3725 453 3774 lovis
470 3726 610 3787 templa;
635 3722 680 3775 zob
697 3726 785 3774 woedt
802 3723 898 3773 Caesar
914 3730 994 3785 tegeri
1013 3723 1063 3788 zijn
1082 3723 1234 3773 vaderland.
1251 3748 1287 3760 -·

161 3789 216 3844 156.
244 3797 440 3854 revertens,
467 3791 498 3839 de
522 3792 609 3841 ouden
633 3792 764 3841 meanden
788 3791 833 3840 dat
856 3792 888 3839 de
912 3791 1037 3853 bliksem,
1065 3791 1105 3839 uit
1127 3790 1160 3838 de
1178 3790 1287 3845 wolken

161 3874 226 3909 naar
249 3859 370 3907 beneden
395 3860 532 3921 gesiagen,
556 3858 606 3907 ook
624 3874 694 3908 weer
711 3859 846 3907 daarheen
862 3857 1047 3921 terugkeerde.
1072 3857 1138 3905 Xen.
1156 3856 1237 3908 Mem.
1254 3857 1287 3922 4,
