2850 4409
705 199 764 257 210

331 391 419 462 rupta
439 385 525 462 quies
545 384 681 461 populis,
702 385 863 461 stratisque
884 383 984 443 5115115
1003 384 1143 445 iuventus

252 465 310 523 240
332 464 463 542 deripuit
484 465 577 523 sacris
596 464 697 523 adfixa
717 464 875 541 penatibus
896 482 992 537 arma,

331 562 407 622 quae
427 564 488 622 pax
508 545 596 620 longa
616 544 721 618 dabat;
742 544 824 601 nuda
843 544 903 602 iam
923 550 1005 602 51515
1024 542 1146 602 fluentis

330 624 476 683 invadunt
496 625 634 700 clupeos,
656 629 840 700 curvataque
860 623 985 700 cuspide
1006 623 1083 700 pila,

332 711 363 763 et
384 706 503 764 scabros
522 704 626 780 nigrae
647 719 748 762 morsu
768 703 915 778 rubiginis
935 704 1026 762 ensis.
1141 706 1143 709 ’

660 1131 804 1173 surmus.

611 1298 664 1369 IV,
686 1298 854 1357 581-6611.

204 1480 296 1541 Curio,
321 1496 371 1530 555
396 1480 656 1530 onderberelhebber
680 1495 733 1530 1511
758 1479 866 1544 Caesar,
895 1486 1031 1530 verneemt
1056 1482 1084 1530 in
1111 1496 1177 1531 5555
1204 1483 1305 1532 streek

170 1549 296 1597 tusschen
316 1547 447 1612 Carthago
464 1563 497 1597 en
516 1548 548 1597 de
565 1563 616 1596 555
634 1548 666 1596 115
684 1549 783 1597 andere
801 1548 866 1613 zijde
883 1562 934 1596 van
953 1548 1000 1596 het
1016 1549 1205 1612 voorgebergte
1223 1548 1304 1598 Mer-

170 1615 260 1664 curius
282 1617 391 1679 gelegeu
414 1615 473 1664 stad
491 1613 603 1679 Clypea,
626 1615 696 1663 welk
714 1614 807 1679 gebied
826 1616 872 1664 1151
888 1614 940 1678 rijk
957 1629 1009 1663 van
1026 1614 1144 1664 Antaeus
1162 1616 1305 1678 genoemd

170 1682 255 1744 werd,
278 1697 329 1732 1511
352 1696 402 1731 555
424 1681 547 1730 inlander
570 1681 601 1729 de
624 1695 686 1744 suge
710 1695 762 1730 van
785 1682 837 1730 den
860 1680 934 1745 strijd
956 1682 1084 1730 tusschen
1108 1682 1235 1731 Hercules
1265 1697 1305 1732 en

170 1747 297 1798 Antaeus.

805 1883 872 1942 Nou
893 1883 1012 1959 segnior
1030 1883 1083 1942 illo

330 1968 424 2021 1115115
444 1963 517 2037 luit,
539 1964 591 2039 qni
611 1968 684 2022 tnnc
704 1962 828 2037 Libyeis
849 1958 963 2022 exarsit
982 1963 1015 2022 in
1034 1963 1122 2022 arvis

329 2061 459 2119 namque
479 2049 558 2102 rates
579 2043 678 2102 audax
698 2043 843 2117 Lilybaeo
862 2044 963 2102 littore
984 2043 1074 2102 solvit

331 2122 435 2181 Curio:
457 2141 514 2182 neo
533 2123 603 2181 forti
623 2122 699 2182 velis
720 2122 869 2199 Aquilone
889 2128 1008 2199 recepto

251 2202 309 2260 585
329 2202 409 2260 inter
429 2202 587 2261 semirutas
608 2220 732 2278 magnae
753 2202 941 2278 Carthaginis
961 2220 1046 2262 arces

330 2287 361 2340 et
382 2282 525 2358 Clupeam
546 2282 643 2341 tenuit
664 2282 800 2341 stationis
822 2282 922 2341 littora
941 2289 1029 2342 notae

330 2362 487 2438 primaque
508 2368 605 2421 castra
625 2362 706 2421 locat
727 2381 800 2421 cano
821 2363 924 2438 procul
945 2380 1087 2439 aequore,
1108 2380 1168 2438 qua
1190 2380 1227 2422 se

330 2442 467 2517 Bagrada
487 2442 588 2501 lentus
608 2441 686 2517 agit,
708 2442 807 2501 siccae
828 2443 959 2501 sulcator
978 2443 1114 2502 harenae.

216 2587 219 2591 ‚
329 2521 400 2580 inde
420 2521 496 2598 petit
516 2522 648 2581 tumulos
669 2540 835 2598 exesasque
855 2522 989 2598 undique
1009 2540 1115 2598 rupea,

251 2601 309 2660 599
329 2601 438 2660 Antaei
458 2619 533 2678 quas
553 2620 645 2676 regna
665 2608 752 2660 vocat
771 2620 832 2660 non
851 2620 928 2660 1555
947 2607 1090 2661 vetustas.

331 2681 459 2740 nominis
479 2681 594 2758 antiqui
615 2681 786 2757 cupientem
806 2699 930 2741 noscere
950 2700 1055 2741 causas

330 2761 447 2837 cognita
467 2779 522 2837 per
541 2762 652 2820 multos
673 2761 776 2820 docuit
795 2761 880 2820 rudis
900 2762 996 2821 incola
1016 2767 1131 2838 patres:

331 2842 481 2915 „nondum
501 2846 569 2917 post
589 2842 705 2916 genitos
727 2841 829 2900 Tellus
850 2842 956 2901 effecta
975 2841 1112 2917 gigantas

171 2980 332 2989 μ...-

171 3049 214 3099 Gr.
233 3046 598 3111 555-2355115115,
617 3049 643 3097 L.
663 3047 707 3098 Gr.
726 3047 739 3111 5
756 3048 819 3112 295,
837 3048 860 3099 6.
879 3049 1021 3099 115515-
1037 3045 1094 3099 241.
1113 3063 1175 3111 pax
1194 3052 1305 3115 151135

170 3118 287 3166 dabat:
311 3118 339 3165 in
362 3115 503 3180 rredestijd
527 3117 618 3179 placht
641 3131 702 3165 men
724 3116 756 3164 de
775 3130 902 3178 wapenen
919 3131 970 3165 van
989 3117 1055 3179 hen,
1080 3116 1122 3165 die
1139 3116 1301 3180 uitgediend

171 3185 288 3246 haddon,
312 3184 340 3233 in
363 3183 396 3232 de
418 3185 531 3245 tempels
554 3198 586 3246 op
609 3187 636 3231 te
654 3184 768 3246 1155355.
785 3209 819 3216 -
836 3183 926 3231 nuda
948 3187 1056 3232 crate:
1081 3183 1128 3231 het
1144 3183 1232 3232 schild
1250 3184 1301 3234 be-

168 3252 246 3300 stond
263 3250 421 3315 gewoonlijk
440 3251 481 3299 uit
497 3264 547 3298 555
564 3250 708 3312 5115511553
725 3264 776 3298 155
788 3250 855 3298 hout
866 3250 896 3298 of
905 3250 1062 3313 gerlochteu
1075 3254 1172 3298 teeueu
1186 3248 1304 3312 (crates)

169 3333 202 3366 en
226 3318 352 3366 daarover
375 3317 467 3380 eenige
490 3318 569 3379 lagen
592 3316 648 3365 1551
670 3317 699 3365 51
720 3316 769 3364 ool
794 3318 911 3365 metalen
934 3318 1032 3379 platen.
1059 3316 1127 3365 Door
1149 3317 1302 3367 ouderdorn

169 3386 217 3442 liet
234 3386 280 3432 1151
297 3386 352 3433 1551
368 3384 407 3434 los
424 3399 458 3432 en
475 3384 546 3432 werd
565 3382 597 3431 de
614 3383 757 3445 underlaag
774 3383 914 3432 zichthaar.

204 3447 261 3500 581.
279 3451 344 3500 1115
363 3455 484 3499 marte:
502 3450 530 3499 in
549 3450 581 3498 de
599 3450 763 3514 roorgaande
779 3464 830 3499 155.
847 3450 870 3498 is
888 3448 1012 3498 rerhaald
1031 3450 1081 3498 hoe
1098 3448 1247 3514 Antonius,
1267 3451 1304 3499 de

169 3518 258 3580 153551
270 3532 320 3565 155
333 3515 441 3579 Caesar,
456 3521 483 3565 15
497 3516 621 3579 85151155,
634 3532 666 3579 op
679 3516 711 3564 de
725 3516 905 3565 Dalmatische
917 3516 992 3579 lust,
1005 3517 1069 3565 door
1081 3516 1114 3564 de
1127 3517 1304 3581 aenhangers

169 3599 221 3632 155
239 3583 380 3646 Pompeius
397 3584 520 3647 helegerd
539 3583 619 3632 werd.
637 3583 708 3632 Toen
726 3583 823 3645 daarop
840 3583 872 3631 de
890 3583 1056 3645 5555553515
1074 3597 1125 3631 155
1143 3582 1243 3632 Caesar
1258 3585 1303 3632 1111

169 3652 202 3699 de
224 3650 365 3713 5515351115
388 3651 446 3699 stad
464 3651 643 3699 115511115515
661 3650 850 3712 55111555155,
874 3649 983 3711 35151115
1000 3650 1057 3697 hun
1076 3649 1115 3697 dit
1132 3650 1233 3699 slechts
1251 3656 1302 3699 155

169 3717 258 3779 115515,
276 3731 325 3764 555
343 3721 418 3779 31551
434 3718 506 3779 35151
525 3717 591 3766 vond
610 3718 706 3765 erden
725 3716 799 3766 dood.
814 3741 848 3750 -
864 3712 929 3766 588.
948 3715 1102 3779 Bagrada
1120 3712 1304 3778 (Βαγράδας),

169 3784 250 3832 thans
262 3783 295 3831 de
308 3783 454 3846 Meglerda,
469 3797 535 3831 eene
548 3784 627 3832 rivier
638 3783 667 3831 iu
679 3784 711 3832 de
725 3782 860 3847 nabijheid
873 3798 924 3832 155
937 3782 1020 3833 Utica.
1033 3807 1068 3816 -
1078 3778 1142 3833 593.
1161 3783 1304 3834 Tellus:

169 3848 211 3912 Γῆ
233 3849 262 3898 51
282 3847 350 3898 Γαῖα
373 3850 396 3897 is
415 3850 444 3897 in
462 3849 494 3897 de
512 3849 772 3913 5515155535111555
791 3850 823 3898 de
841 3850 948 3899 moeder
964 3864 1015 3898 van
1033 3849 1178 3913 geweldige
1196 3865 1303 3900 renzen

170 3919 210 3965 als
237 3917 268 3964 de
293 3916 440 3964 Titanen
467 3929 501 3963 55
526 3916 557 3963 de
581 3914 766 3980 Giganten,
792 3916 933 3980 Typhon
956 3911 1085 3979 (Τυφών,
1113 3912 1246 3979 Tomos
1273 3918 1309 3967 of
