2850 4409
618 193 676 252 125

249 379 286 439 ite
306 380 411 457 prooul
430 379 568 452 fraudes,
589 379 648 437 alio
669 378 731 437 sint
750 396 819 438 aere
839 396 951 438 noxae:

200 460 231 518 10
286 478 360 536 pura
381 477 493 518 novum
513 459 575 518 vati
594 459 696 518 laurea
717 458 815 517 mollit
834 459 900 517 iter.

249 539 345 612 Musa,
366 539 496 598 Palatini
516 539 681 598 referemus
700 538 851 615 Apollinis
870 538 988 598 aedem:

285 637 333 679 res
352 625 415 692 est,
437 619 586 695 Calliope,
607 618 698 695 digna
718 619 819 677 farore
839 624 900 677 tuo.

250 699 381 759 Caesaris
401 699 433 756 in
453 716 562 757 nomen
583 698 736 757 ducuntur
755 698 901 757 earrnina:
924 699 1034 758 Caesar

287 780 357 838 dum
378 778 510 851 canitur,
532 796 657 855 quaeso,
678 777 821 855 Iuppiter·
835 778 901 854 ipse
922 795 1018 837 vaces,

200 860 231 916 15
250 866 293 918 est
312 858 425 918 Phoebi
445 858 566 934 lugiens
585 859 753 917 Athamana
773 858 812 916 ad
832 858 920 917 litora
939 865 1059 934 portus,

286 958 344 1018 qua
365 939 450 997 sinus
470 938 572 997 Ioniae
592 956 746 997 murmura
766 938 868 997 eondit
887 955 998 1014 aquae,

249 1020 334 1079 Aetia
354 1019 456 1078 Iuleae
476 1019 604 1095 pelagus
624 1024 816 1077 monumenta
836 1018 968 1091 carinae,

285 1104 442 1158 nautarum
462 1098 541 1157 votis
561 1116 620 1157 non
640 1115 765 1175 operosa
784 1098 841 1156 ria.

250 1180 305 1239 huo
325 1179 431 1238 mundi
452 1179 549 1238 coiere
569 1196 691 1237 manus:
714 1178 800 1237 stetit
819 1195 947 1254 aequore
967 1177 1062 1236 moles

197 1259 230 1316 20
285 1260 388 1335 pinea:
410 1276 466 1318 neo
485 1258 577 1318 remis
597 1276 693 1335 aequa
712 1258 831 1317 favebat
850 1258 923 1316 avis.

249 1340 338 1398 altera
357 1339 464 1399 classis
484 1344 549 1398 erat
570 1338 684 1397 Teuoro
704 1338 844 1397 damnata
864 1336 1002 1410 Quirino,

287 1420 408 1496 pilaque
427 1419 557 1478 feminea
577 1418 706 1494 turpiter
726 1422 795 1493 aeta
813 1435 917 1476 manu:

248 1500 316 1559 hine
335 1502 474 1575 Augusta
494 1498 567 1557 ratis
588 1498 686 1574 plenis
706 1498 787 1556 Iovis
808 1497 906 1557 omine
927 1496 1003 1556 velis

288 1580 433 1656 signaque
453 1579 513 1636 iam
533 1578 647 1654 patriae
667 1578 788 1637 vincere
809 1578 895 1636 docta
916 1595 996 1636 suae.

195 1659 230 1717 25
248 1660 368 1719 tandem
388 1659 484 1718 aoiem
503 1657 639 1733 geminos
659 1657 778 1717 Nereus
798 1658 916 1715 lunarat
935 1657 968 1715 in
987 1675 1087 1728 araim,

286 1757 437 1799 armorum
457 1744 489 1797 et
508 1738 601 1796 radiis
620 1737 680 1797 iata
700 1739 846 1797 tremebat
866 1755 958 1814 aqua,

248 1839 315 1879 eum
336 1820 476 1878 Phoebus
496 1818 636 1894 linquens
657 1823 786 1877 stantem
808 1835 840 1876 se
860 1817 979 1876 vindice
999 1817 1095 1876 Delon

286 1901 367 1977 (nam
388 1898 459 1957 tulit
478 1898 570 1957 iratos
592 1897 709 1956 mobilis
729 1904 799 1957 ante
819 1896 924 1971 Notos)

247 1979 365 2039 adstitit
384 1979 515 2055 Augusti
536 1977 663 2054 puppim
683 1995 789 2054 super,
809 1983 841 2036 et
860 1995 936 2035 nova
956 1978 1076 2035 damma

191 2061 226 2118 30
287 2059 368 2119 luxit
387 2058 419 2116 in
440 2058 591 2135 obliquam
611 2063 658 2117 ter
679 2057 796 2116 sinuata
815 2058 919 2116 faoem.

246 2159 304 2199 non
325 2140 378 2198 ille
399 2138 540 2197 attulerat
561 2137 659 2196 orines
679 2137 711 2195 in
732 2138 808 2196 oolla
829 2138 942 2196 solutos

111 2288 246 2303 ἱ-

110 2383 181 2429 vooral
201 2383 306 2433 vereerd
331 2382 416 2444 werd,
441 2380 535 2431 Strabo
552 2381 614 2443 ΧΙΙ,
635 2380 665 2443 3,
682 2379 723 2429 Ἡ.
750 2380 911 2445 Allegorisch
929 2381 974 2429 wil
991 2380 1023 2429 de
1041 2381 1143 2429 dichter
1160 2381 1210 2428 dus

110 2458 201 2509 aeggen:
223 2465 255 2513 op
273 2450 306 2498 de
324 2449 385 2497 ssuit
402 2462 451 2497 een
468 2448 521 2497 lied
539 2449 642 2511 speleu,
661 2448 725 2497 door
741 2447 833 2510 Apollo
851 2448 1030 2511 geInspireerd
1048 2448 1078 2497 of
1092 2452 1134 2496 ter
1150 2462 1209 2496 eere

110 2523 149 2586 yon
168 2515 261 2577 Apollo.
278 2541 313 2550 —
330 2515 426 2565 cadis
448 2514 520 2579 blijft
542 2516 570 2563 in
593 2515 625 2563 de
642 2514 816 2576 beeldspraak
833 2515 875 2564 die
892 2519 949 2563 met
965 2513 1054 2563 libet
1070 2515 1210 2578 begonnen

109 2591 132 2626 1⁸·
146 2605 175 2614 -
189 2580 213 2633 lt
232 2584 286 2632 ref
290 2596 440 2632 eremus:
457 2581 501 2644 wij
518 2582 606 2631 zallen
622 2579 770 2642 (bondelen
787 2596 860 2644 over,
877 2580 1017 2643 verbalen)
1031 2582 1165 2644 bezinpen.
1177 2606 1211 2615 -

109 2638 138 2693 14.
154 2663 254 2699 vaces:
274 2651 334 2699 leen
351 2664 394 2697 uw
410 2663 464 2697 oor.
480 2674 513 2682 -
527 2645 563 2699 15.
582 2648 787 2697 Athamana:
805 2648 964 2697 Athamania
981 2649 1004 2698 is
1021 2649 1146 2712 eigenlijlr
1165 2650 1211 2698 bet

109 2713 287 2782 auidoostelijke
313 2717 372 2765 deel
396 2730 447 2764 van
470 2715 577 2778 Epirus,
605 2715 663 2764 hier
686 2729 749 2764 voor
771 2714 866 2777 Epirus
889 2716 917 2764 in
941 2716 961 2764 't
977 2717 1123 2779 algemeen.
1148 2716 1210 2764 Men

108 2779 227 2833 verbinde:
243 2789 297 2833 est
313 2785 450 2846 pelagus
468 2782 600 2845 fugiens
616 2780 660 2842 (ε
672 2780 810 2842 recedens)
828 2782 865 2831 ad
883 2781 1006 2832 Atham.
1024 2784 1072 2831 lit.
1090 2783 1209 2832 Phoebi

109 2852 209 2904 portus
224 2848 350 2915 (genet.);
368 2848 403 2913 bij
423 2850 565 2912 pelagus
582 2849 717 2897 behooren
734 2849 786 2896 dan
799 2849 831 2897 de
844 2850 967 2898 woorden
982 2848 1080 2899 Actia
1097 2864 1210 2898 monn-

108 2920 203 2965 manta
224 2932 257 2967 en
282 2917 335 2965 via
358 2917 397 2964 als
420 2916 555 2979 appositie.
576 2940 611 2948 -
634 2911 670 2965 17.
694 2915 813 2963 luleae
837 2916 986 2965 carinae:
1010 2917 1044 2964 de
1065 2917 1135 2965 vloot
1157 2932 1210 2965 arna

107 2974 234 3041 Aramaua.
251 3009 285 3017 -
302 2978 349 3033 2⁰.
373 2983 445 3031 avis
463 2998 494 3025 =
512 2997 597 3031 omen.
615 3008 649 3016 -
665 2978 702 3031 21.
727 2982 856 3031 Teucro
872 3020 894 3032 ..
910 2982 1067 3041 Quirino:
1091 2984 1125 3031 de
1147 2997 1210 3032 eene

107 3044 164 3094 vbot
183 3047 233 3110 (die
255 3064 307 3099 van
332 3049 464 3098 Antonius
487 3063 520 3098 en
543 3046 694 3111 Cleopatra)
716 3064 772 3097 was
795 3055 840 3098 ten
859 3050 1016 3111 ooderpanp
1034 3050 1152 3098 bestemd
1170 3057 1211 3098 ter

107 3111 165 3162 wille
179 3132 229 3167 van
245 3122 299 3167 olen
319 3116 520 3178 Trojuaaaeben
538 3116 669 3173 Quirinus
686 3116 710 3164 d.
728 3116 744 3164 i.
763 3116 811 3164 het
827 3116 901 3164 Rom.
919 3116 993 3174 vollrq
1017 3115 1063 3164 dat
1079 3116 1210 3165 afstamde

107 3189 148 3226 van
163 3182 192 3231 de
207 3184 347 3247 Trojanen.
363 3208 398 3216 -
414 3179 459 3233 23.
484 3183 576 3232 hinc:
600 3196 651 3231 aan
669 3183 701 3230 de
719 3196 785 3231 eene
802 3182 868 3246 zijde
886 3183 918 3231 de
935 3185 1007 3232 vloot
1023 3197 1074 3231 van
1092 3182 1135 3244 A,
1158 3198 1210 3232 aaa

107 3241 133 3290 de
147 3250 236 3299 andere
254 3251 297 3299 die
315 3264 367 3298 van
386 3247 442 3299 Oct.
454 3274 488 3283 -
500 3245 546 3299 24.
564 3250 700 3312 patriae
718 3263 812 3311 suae,
830 3250 909 3298 dativ.
928 3250 1072 3299 commodi:
1091 3252 1134 3313 vgl
1160 3252 1210 3299 ool

108 3322 136 3386 va.
156 3313 192 3364 ll.
208 3344 241 3352 -
258 3315 394 3380 Vergelijk
417 3321 473 3364 met
495 3317 619 3365 elassis
634 3352 657 3364 ..
673 3316 813 3379 pilaque
837 3321 878 3365 ter
899 3331 965 3365 eene
983 3316 1061 3380 zijde,
1085 3318 1209 3367 ratis..

107 3387 256 3447 slgnaque
280 3389 323 3433 ter
345 3384 451 3432 andere.
468 3408 502 3416 -
518 3379 564 3433 25.
587 3382 733 3444 Nereus,
757 3384 808 3446 vgl.
832 3382 887 3432 (lat.
909 3383 1001 3447 LXIV,
1019 3382 1052 3431 19
1069 3398 1102 3433 en
1120 3383 1159 3434 29.
1178 3412 1210 3419 -

106 3436 143 3493 Π.
162 3447 271 3513 Volgens
295 3451 328 3499 de
350 3450 438 3498 ouden
461 3463 515 3498 was
532 3450 609 3498 Delos
627 3463 736 3513 vroeger
752 3465 801 3498 een
819 3449 938 3513 drijvend
956 3451 1058 3508 eiland,
1082 3451 1156 3501 Pind.
1174 3453 1209 3517 bij

107 3504 185 3563 Strabo
206 3518 243 3581 X,
267 3517 296 3579 5,
320 3515 337 3565 2
359 3530 394 3565 en
418 3516 498 3565 Anth.
522 3515 579 3565 Lat.
603 3514 652 3565 707
675 3513 789 3578 (Riese):
816 3517 894 3566 Delos
917 3518 969 3567 iam
987 3518 1076 3567 stabili
1093 3520 1212 3569 revincta

107 3575 252 3644 terralolim
269 3598 403 3647 purpureo
420 3583 487 3631 mari
504 3580 633 3645 natabat!
641 3587 669 3631 et
685 3588 758 3632 moto
774 3584 839 3632 levis
856 3584 919 3633 hinc
935 3589 963 3633 et
977 3584 1039 3634 inde
1051 3592 1130 3636 vento
1139 3585 1213 3649 libat

107 3638 214 3700 fluetibus
230 3651 354 3714 inquieta
370 3650 490 3699 summis.
500 3646 510 3712 l
518 3664 577 3699 mox
595 3650 669 3698 illam
689 3650 803 3713 geminis
820 3651 886 3699 deus
903 3649 1019 3715 (Apollo)
1036 3651 1154 3716 eatenis]
1164 3656 1212 3703 hac

108 3708 151 3759 alta
166 3713 249 3779 Gyaro
267 3717 373 3781 ligavit,
390 3717 452 3765 illae
468 3717 599 3766 constanti
617 3716 730 3779 Mycono
748 3717 821 3765 dedit
837 3718 989 3767 tenendam.
1007 3744 1041 3753 —
1056 3716 1101 3770 29.
1126 3736 1212 3770 nova

107 3771 241 3853 flamma,
259 3786 298 3833 als
314 3798 365 3833 een
384 3783 461 3846 vurig
474 3782 733 3846 luehtversehijnsel‚
752 3798 801 3832 een
813 3784 942 3834 driemaal
954 3785 1086 3849 gebogen‚
1103 3788 1212 3836 sehuins

108 3846 207 3900 genehte
233 3851 338 3913 fabiol,
365 3851 429 3899 stelt
453 3850 486 3899 de
512 3850 616 3899 dichter
639 3850 695 3899 zich
722 3851 774 3899 den
799 3856 826 3900 te
852 3852 918 3914 hulp
944 3852 1094 3901 komenden
1119 3853 1211 3915 Apollo

110 3918 164 3961 l⁰0¹'·
180 3940 210 3951 -
226 3914 264 3969 31.
288 3918 403 3967 crines
419 3954 440 3966 ..
456 3918 604 3979 solutoS‚
626 3917 682 3965 niet
699 3919 784 3966 zooals
801 3918 833 3966 de
850 3917 945 3980 Apollo
962 3915 1053 3980 σωτήρ
1070 3933 1104 3966 en
1121 3919 1210 3966 Musa·
