2850 4409
665 142 723 201 201

295 328 363 404 quis
384 329 487 401 datus,
508 335 560 388 aut
580 334 677 388 metae
698 347 788 405 quam
809 328 908 387 mollis
929 329 1028 386 flexus
1048 334 1079 387 et
1098 328 1204 387 unde?

294 407 362 484 quis
382 410 489 467 modus
509 414 647 484 argento,
669 409 743 485 quid
763 410 809 467 ias
830 414 947 484 optare,
969 408 1043 484 quid
1062 426 1151 484 asper

234 489 274 548 70
294 488 369 547 utile
389 506 531 547 nummus
552 490 662 548 habet?
684 489 798 564 patriae
819 489 956 567 carisque
977 488 1154 565 propinquis

294 573 438 644 quantum
459 568 578 644 elargiri
599 569 724 628 deceat?
745 587 833 645 quem
855 574 887 627 te
906 569 982 627 deus
1002 586 1069 627 esse

293 647 396 720 iussit,
417 654 448 707 et
469 650 598 707 humana
618 667 677 726 qua
697 656 782 725 parte
803 649 917 707 locatus
937 666 971 707 es
991 647 1022 705 in
1043 650 1096 707 re‘?

294 727 391 798 disce,
412 747 469 787 nec
489 729 638 801 invideas,
660 729 741 805 quod
762 729 855 787 multa
876 728 977 786 fidelia
998 735 1084 803 putet

293 807 325 866 in
345 808 497 884 locuplete
518 827 612 885 penu,
634 809 767 868 defensis
788 808 949 885 pinguibus
971 808 1107 882 Umbris,

234 890 273 948 ta
292 895 323 946 et
343 888 430 964 piper
449 896 480 947 et
500 908 622 965 pernae,
643 889 734 947 Marsi
756 889 938 948 monimenta
956 888 1091 962 clientis⁷

294 986 440 1044 mensque
460 970 541 1045 quod
561 969 658 1045 prima
677 970 810 1027 nondum
833 969 976 1028 defecerit
996 986 1072 1027 orca.

333 1048 391 1107 Hic
410 1048 520 1125 aliquis
541 1050 579 1108 de
599 1059 688 1124 gente
709 1049 826 1108 hircosa
846 1049 1053 1107 centurionum

294 1127 388 1187 dicat:
410 1130 490 1205 quod
512 1130 587 1189 satis
606 1137 652 1188 est
673 1130 756 1205 sapio
777 1129 866 1204 mihi3
887 1147 946 1188 non
966 1146 1021 1204 ego
1042 1146 1117 1186 curo

294 1209 460 1285 essequod
482 1209 631 1268 Arcesilas
651 1209 880 1286 aerumnosique
901 1208 1039 1282 solonae,

236 1288 274 1346 80
294 1287 409 1364 obstipo
429 1289 527 1365 capite
547 1297 578 1348 et
598 1291 725 1364 figentes
745 1289 858 1348 lumine
879 1296 1003 1362 terram,

294 1387 447 1427 murmura
468 1387 536 1427 cum
558 1387 660 1428 secum
680 1369 847 1428 et·rabiosa
869 1369 987 1428 silentia
1008 1369 1117 1427 rodunt

293 1453 383 1524 atque
404 1455 579 1524 exporrecto
600 1449 784 1508 trutinantur
804 1450 893 1508 rerba
912 1449 1035 1519 labello,

294 1529 407 1603 aegroti
428 1529 539 1588 veteris
560 1529 740 1588 meditantes
762 1529 890 1602 somnia,
912 1528 1013 1604 „gigni

294 1607 331 1666 de
352 1609 446 1666 nihilo
468 1609 611 1682 nihilum,
631 1609 663 1666 in
683 1609 812 1667 nihilum
832 1609 876 1667 nil
896 1626 985 1685 posse
1005 1607 1145 1667 reverti.'’

234 1687 274 1745 85
294 1688 350 1746 hoc
364 1695 423 1762 est,
438 1690 517 1765 quod
531 1690 645 1765 palles?
659 1708 713 1749 cur
727 1689 795 1766 quis
810 1707 868 1747 non
882 1689 1038 1765 prandeat,
1054 1689 1110 1747 hoc
1123 1690 1189 1747 est?
1200 1721 1242 1732 -

293 1768 341 1826 his
361 1770 491 1844 populus
511 1769 605 1841 ridet,
626 1770 814 1846 multumque
835 1776 933 1827 torosa
952 1768 1094 1827 iuventus

293 1847 458 1923 ingeminat
478 1850 622 1908 tremulos
642 1868 713 1907 naso
735 1850 884 1925 crispante
905 1849 1072 1907 cachinnos.
1093 1882 1133 1891 -

335 1928 485 2005 „Inspice3
503 1929 603 1988 nescio
617 1929 691 2006 quid
704 1929 835 2005 trepidat
851 1929 922 1987 mihi
937 1935 1046 2005 pectus
1060 1934 1091 1987 et
1104 1928 1204 2003 aegris

128 2121 176 2176 68.
196 2128 473 2176 metae..mollis
490 2128 618 2177 flexus:
637 2129 668 2177 de
686 2128 802 2177 renbaan
821 2129 842 2177 is
862 2128 908 2177 het
925 2128 1000 2177 beeld
1019 2129 1064 2177 des
1083 2130 1185 2189 levens;
1203 2142 1256 2178 aan

129 2194 178 2241 het
202 2193 281 2241 einde
307 2208 358 2242 vau
386 2195 418 2242 de
445 2200 530 2243 eerste
557 2195 624 2244 heltt
648 2196 693 2243 der
716 2196 784 2244 baan
808 2202 878 2244 staat
902 2195 933 2244 de
957 2201 1059 2259 meta,
1086 2200 1141 2243 met
1164 2195 1258 2253 zachte

129 2260 246 2322 buiqing
272 2266 344 2309 rnoet
367 2276 427 2309 men
452 2262 516 2309 daar
538 2277 581 2310 om
606 2263 674 2310 heen
697 2276 766 2324 gaan
783 2277 826 2310 om
845 2263 941 2310 zonder
956 2266 1061 2311 stooten
1079 2277 1112 2310 en
1130 2262 1254 2310 onheilen

128 2327 163 2374 de
180 2327 280 2375 andere
299 2328 367 2376 helst
384 2332 411 2376 te
430 2328 539 2376 konnen
557 2330 684 2390 alloopen.
711 2327 800 2377 Cicero
818 2329 943 2391 gebruikt
960 2329 1091 2378 hetzeltde
1109 2329 1184 2377 beeld
1203 2343 1255 2378 van

127 2407 179 2441 een
194 2393 388 2455 Jongnrensoh,
405 2395 447 2443 die
465 2395 521 2443 niet
538 2395 633 2443 zonder
650 2400 729 2457 tegen
748 2396 780 2443 de
798 2401 870 2444 meta
886 2400 1025 2459 gestooten
1040 2399 1067 2443 te
1083 2395 1187 2444 hebben
1203 2395 1254 2459 zijn

128 2460 279 2521 manlijken
297 2460 398 2524 leeftijd
417 2462 522 2525 inging:
541 2463 584 2523 „in
604 2462 653 2510 hoc
671 2463 741 2510 llexu
759 2463 836 2526 quasi
852 2463 1063 2511 aetatis..fama
1080 2462 1254 2511 adolescentis

128 2528 242 2588 paulum
268 2526 356 2576 haesit
378 2529 409 2575 ad
435 2534 520 2576 metas
537 2529 631 2577 notitia
648 2543 715 2577 nora
733 2529 852 2577 mulieris
869 2534 896 2577 et
913 2529 1011 2578 infelici
1029 2529 1190 2578 vicinitate.’'
1208 2544 1258 2591 pro

128 2592 233 2647 Caelio.
259 2591 272 2653 ἓ
290 2592 329 2642 75.
347 2619 380 2627 —
397 2590 442 2644 69.
466 2609 565 2657 asper
588 2610 757 2644 nummus:
781 2596 821 2644 dit
844 2610 919 2658 asper
941 2597 964 2644 is
987 2596 1113 2659 eigenlijh
1131 2611 1181 2644 een
1198 2597 1253 2659 epi-

127 2660 226 2708 theton
250 2675 362 2719 ornans3
387 2661 433 2709 het
456 2662 506 2709 ziet
528 2677 561 2724 op
585 2663 617 2710 de
639 2661 756 2724 ligurem
780 2663 822 2710 die
839 2678 872 2724 op
889 2663 921 2710 de
940 2669 1019 2711 munt
1035 2667 1111 2712 staan
1129 2666 1256 2725 geslagen

128 2741 164 2774 en
182 2728 249 2775 haar
266 2728 371 2775 onetlen
389 2728 493 2776 mahen.
512 2754 545 2762 -
562 2725 606 2778 73.
630 2744 689 2778 nec
707 2729 877 2778 invideas:
895 2744 929 2778 en
947 2731 1045 2791 weiper
1062 2731 1119 2778 niet
1137 2732 1182 2779 het
1198 2744 1254 2778 aaa

130 2800 156 2841 te
177 2808 279 2842 nemen
302 2791 375 2854 (deze
399 2795 502 2858 leem'ng
525 2794 677 2858 ηηῐηθΙῇΙ),
701 2796 793 2844 omdat
815 2795 848 2859 gij
874 2796 932 2844 zulh
953 2811 1001 2844 een
1019 2797 1156 2845 ouervloed
1176 2796 1256 2845 hebt:

128 2860 191 2908 toch
210 2865 284 2908 moet
301 2859 335 2924 gij
355 2862 443 2909 leeren
463 2867 516 2910 wat
531 2862 558 2909 il
578 2877 595 2910 u
613 2863 677 2910 daur
694 2863 773 2910 aeide.
791 2888 824 2896 -
842 2864 964 2924 multa,
985 2864 1100 2924 ntenipe.
1121 2887 1151 2895 -
1170 2863 1182 2909 Ι
1186 2863 1253 2910 ide-

129 2926 178 2975 lia
194 2941 267 2975 enz.:
292 2927 324 2974 de
342 2927 457 2976 clienten
477 2942 563 2977 waren
582 2943 690 2991 gewoon
708 2943 758 2977 aan
778 2930 868 2977 hunne
887 2931 990 2991 patroni
1007 2928 1174 2989 (advocaten)
1192 2942 1257 2977 voor

128 2993 163 3041 de
185 2994 324 3055 diensten,
347 2993 374 3041 in
399 2993 418 3042 ’t
435 2994 592 3056 behartigeu
616 2996 723 3044 hunner
746 2996 827 3044 zaken
852 2997 909 3044 hun
926 2996 1062 3057 bewezen,
1085 2995 1254 3057 geschenlren

129 3073 180 3107 aan
198 3064 225 3109 te
244 3059 355 3121 maden,
376 3075 442 3108 naar
458 3061 491 3109 de
509 3067 580 3111 mate
599 3076 649 3110 van
667 3063 777 3110 hunnen
796 3063 932 3111 welstand.
957 3062 1006 3111 Ζοο
1023 3067 1098 3110 staan
1118 3062 1175 3110 hier
1192 3076 1258 3110 uoor

129 3132 220 3189 groote
244 3126 415 3190 geschenken
439 3142 489 3176 van
514 3129 546 3176 de
565 3129 730 3176 welrarende
747 3134 818 3178 rette
836 3128 984 3191 Umbriers‚
1009 3144 1070 3177 uoor
1087 3129 1195 3191 geringe
1212 3128 1256 3177 die

130 3208 180 3241 van
207 3194 240 3242 de
269 3208 322 3256 nog
346 3194 375 3241 in
398 3194 486 3242 ouden
509 3195 628 3243 eenvoud
652 3196 763 3243 levende
785 3196 914 3244 Marsiers.
941 3195 996 3244 Ten
1019 3196 1115 3244 teeken
1136 3209 1183 3243 van
1202 3195 1255 3243 den

129 3260 270 3309 overvloed
295 3274 346 3308 van
372 3260 448 3308 zulke
471 3261 641 3323 geschenken
664 3272 723 3324 zegt
739 3263 772 3310 de
789 3262 892 3310 dichter
910 3262 979 3323 hier,
1004 3263 1049 3310 dat
1066 3263 1098 3310 de
1116 3262 1258 3325 ingelegde

129 3328 268 3377 sardellcn
285 3326 350 3375 zelss
367 3327 394 3374 in
413 3327 464 3375 den
481 3334 586 3376 eersten
604 3334 649 3389 pot
665 3343 718 3390 nog
735 3329 791 3377 niet
808 3343 840 3390 op
858 3343 956 3378 waren.
970 3354 1003 3362 -
1017 3324 1061 3378 77.
1080 3329 1254 3377 centurio-

129 3408 221 3443 num:
245 3393 280 3441 de
303 3394 473 3441 centuriones
493 3394 586 3443 tredan
604 3394 662 3443 hier
678 3410 711 3456 op
729 3397 768 3443 als
786 3400 1021 3457 repraesentanten
1040 3410 1089 3444 van
1108 3396 1139 3444 de
1158 3397 1257 3459 platta,

127 3461 316 3523 alledaagsche
341 3460 632 3523 levensbeschouwing,
659 3462 700 3509 die
728 3476 790 3510 voor
815 3463 841 3509 al
866 3463 912 3511 het
935 3463 1048 3525 hoogere
1071 3463 1144 3511 blind
1169 3463 1197 3512 is,
1221 3487 1256 3496 -

129 3522 173 3576 79.
197 3527 392 3588 Arcesilam,
415 3540 463 3574 een
487 3527 621 3591 wijsgem,
645 3527 749 3575 bekend
774 3529 813 3576 als
829 3529 941 3577 stichter
958 3543 1008 3577 van
1027 3529 1058 3577 de
1076 3530 1256 3578 Nisum-Aca·

128 3594 265 3644 demische
283 3594 383 3641 school.
400 3617 434 3626 -
450 3588 496 3642 83.
520 3594 655 3652 aegroti
675 3595 819 3643 veteris:
844 3595 1021 3658 Democritus,
1041 3598 1092 3657 vgl.
1110 3597 1185 3645 Lacr.
1204 3596 1256 3658 ΙΙΙ,

129 3658 209 3721 1039,
235 3674 294 3722 pag.
313 3656 361 3720 33,
384 3673 418 3706 en
435 3659 467 3708 de
484 3659 613 3720 inlelding
629 3674 662 3721 op
679 3675 737 3722 pag.
755 3658 778 3708 3.
796 3685 830 3694 -
846 3657 893 3711 85.
919 3662 978 3711 hoc
1001 3667 1066 3711 est:
1090 3664 1114 3711 ia
1130 3664 1179 3711 dat
1197 3664 1257 3725 het,

128 3741 249 3775 weuram
262 3725 300 3789 gij
313 3726 387 3773 blech
398 3723 470 3774 ziet?
487 3726 512 3775 d.
522 3726 538 3774 i.
551 3727 747 3788 philosopheert
758 3726 792 3790 gij
806 3742 868 3776 over
879 3728 1024 3791 dergelijke
1036 3729 1147 3793 dingen,
1163 3730 1256 3778 zoodat

128 3793 206 3842 kleur
228 3808 264 3842 en
288 3794 390 3841 eetlust
413 3793 544 3855 vergaanl
568 3794 616 3841 doe
640 3795 679 3842 als
702 3793 735 3840 de
758 3798 848 3856 groote
872 3795 940 3856 hoop
962 3809 995 3842 en
1019 3796 1079 3844 lach
1102 3811 1132 3845 er
1152 3811 1203 3844 om.
1221 3820 1256 3830 -

127 3856 166 3911 88
182 3874 272 3924 seqq.:
292 3860 341 3907 het
357 3858 434 3906 beeld
453 3873 502 3907 van
520 3873 569 3907 een
587 3859 749 3922 lichamelijk
768 3860 840 3908 zieke
858 3862 943 3909 wurdt
959 3862 1085 3923 gebruikt
1099 3877 1142 3911 om
1156 3863 1256 3911 daarna
