2850 4409
744 116 782 182 78

236 305 289 369 „As
308 319 343 353 an
360 303 557 366 expressiones
571 302 732 365 resignation
750 301 902 366 struggling
918 302 984 351 with
1001 301 1105 362 despair
1120 301 1143 349 it
1161 314 1291 363 possesses
1308 313 1325 348 a

157 391 160 398 ¹
202 372 273 421 force
289 372 341 420 and
359 371 456 434 reality
474 370 560 419 which
578 368 676 432 belong
692 369 756 432 only
773 372 801 417 to
818 369 864 417 the
882 368 990 432 highest
1005 366 1124 431 genius.''
1141 366 1213 416 Ellis.

323 507 415 583 Siqua
435 505 602 568 recordanti
623 505 776 564 benefacta
795 504 894 581 priora
914 504 1053 581 voluptas

349 593 411 646 *est
430 585 557 659 homini,
578 604 647 644 cum
668 603 700 644 se
722 585 833 660 cogitat
852 602 919 643 esse
939 584 1023 661 pium

322 685 379 725 nec
400 671 536 726 sanctam*
552 664 679 724 violasse
700 665 791 724 fidem
811 683 867 724 nec
886 661 1006 723 foedere
1026 663 1058 722 in
1078 664 1141 723 ullo

363 747 467 805 divum
487 745 525 803 ad
544 745 691 804 fallendos
711 744 835 818 numine
854 746 981 804 abusum
1001 744 1152 802 homines:

284 828 302 885 5
323 827 417 885 multa
437 831 540 902 parata
559 832 680 898 manent
701 824 775 884 cum
790 824 879 900 longa
898 830 1009 898 aetate,
1031 824 1162 897 Catulle,

363 925 403 966 ex
423 906 479 965 hoo
498 905 614 980 ingrato
635 905 745 981 gaudia
764 922 863 963 amore
884 904 964 964 tibi.¹
1074 912 1077 920 '

322 1004 391 1046 nam
402 1002 607 1063 quaecumque
618 985 754 1044 hominos
766 986 840 1044 bene
850 984 989 1061 cuiquam
1000 990 1052 1043 aut
1063 982 1162 1062 dicere
1172 987 1301 1059 possunt

362 1072 415 1126 aut
434 1067 547 1139 facere,
568 1065 642 1124 haec
661 1084 679 1124 a
699 1071 730 1124 te
751 1064 890 1141 dictaque
910 1066 1048 1141 ioniaque
1069 1069 1154 1122 sunt:

323 1146 421 1205 omnia
442 1164 518 1223 quae
538 1145 672 1221 ingratae
692 1144 847 1221 perierunt
866 1145 980 1204 credita
1001 1142 1103 1203 menti.

265 1227 302 1285 10
363 1244 455 1303 quare
475 1244 529 1285 cur
549 1232 580 1284 ῖθ
600 1225 660 1283 iam
679 1224 740 1283 iam
759 1225 889 1301 amplius
909 1224 1083 1283 excrucies?

323 1306 396 1383 quin
416 1305 549 1365 animum
570 1306 700 1363 offirmas
721 1311 810 1381 atque
831 1302 921 1363 istinc
944 1310 974 1363 te
994 1303 1060 1380 ipse
1081 1302 1203 1361 reducis

363 1394 394 1445 et
414 1386 479 1444 deis
499 1384 602 1443 invitis
624 1384 738 1443 desinis
759 1402 826 1443 esse
847 1384 958 1443 miser?

324 1466 464 1540 „difficile
485 1465 674 1544 est'longum
695 1463 793 1523 subito
815 1464 963 1540 deponere
983 1462 1143 1522 amorem”.

277 1608 279 1612 ,
363 1545 486 1605 difficile
507 1550 567 1614 est,
589 1562 694 1612 renim
714 1545 771 1604 hoc
792 1544 935 1620 qualubet
954 1543 1082 1603 efficias:

211 1683 213 1687 ,
266 1629 302 1685 15
323 1645 383 1685 nna
404 1627 485 1684 salus
506 1626 579 1684 haec
599 1629 661 1697 est,
682 1625 739 1682 hoc
759 1623 880 1683 esttibi
901 1623 1150 1700 perducendum,

363 1707 419 1765 hoe
439 1705 546 1779 facias,
568 1704 631 1764 sive
652 1704 684 1762 id
704 1722 764 1762 non
783 1709 853 1780 pote
874 1704 938 1763 sive
958 1709 1036 1780 pote.

325 1805 342 1845 o
356 1786 419 1860 dei,
438 1786 463 1844 si
478 1791 611 1844 vestrum
625 1790 673 1843 est
682 1784 834 1857 misereri,
852 1790 904 1842 aut
918 1784 944 1843 si
959 1783 1068 1860 quibus
1081 1800 1223 1858 umquam

363 1873 498 1926 extrema
517 1866 576 1924 iam
596 1865 662 1940 ipsa
681 1861 713 1922 in
734 1872 829 1923 morte
849 1863 963 1922 tulistis
983 1881 1083 1940 opem,

324 1965 372 2006 me
392 1947 535 2005 miserum
555 1944 680 2021 aspicite
700 1949 746 2016 et,
769 1944 794 2003 si
814 1944 907 2002 vitam
927 1943 1043 2021 puriter
1062 1943 1126 2019 θεῖ,

264 2028 303 2086 20
364 2026 470 2103 eripite
490 2026 567 2084 hanc
587 2030 703 2101 pestem
724 2024 947 2101 perniciemque
967 2023 1049 2081 mihi.

324 2106 352 2165 ei
373 2106 461 2178 mihi,
483 2106 647 2181 subrepens
667 2104 744 2163 imos
764 2110 799 2162 ut
818 2110 920 2180 torpor
939 2103 971 2162 in
991 2110 1074 2162 artus

364 2186 482 2262 expulit
501 2204 540 2245 ex
561 2184 641 2244 omni
662 2190 782 2260 pectore
802 2184 946 2243 laetitias!

324 2266 460 2325 uoniam
481 2265 559 2324 illud
579 2282 704 2342 quaero,
726 2270 828 2323 eontra
848 2271 883 2322 ut
903 2282 951 2322 me
972 2263 1078 2339 diligat
1098 2262 1150 2320 illa

364 2351 431 2419 aut,
452 2345 533 2422 quod
553 2362 613 2403 non
632 2345 712 2421 potis
734 2351 795 2417 est,
815 2361 883 2403 esse
903 2343 1013 2420 pudica
1033 2342 1122 2402 velit:

265 2428 303 2506 25
323 2426 389 2502 ipse
409 2426 508 2485 valere
529 2430 598 2501 opto
619 2432 650 2483 et
669 2431 799 2484 taetrum
819 2425 900 2482 hunc
920 2424 1069 2500 deponere
1090 2422 1233 2481 morbum.

364 2525 381 2564 o
402 2506 466 2578 dei,
487 2504 603 2564 reddite
624 2504 665 2562 mi
686 2505 743 2563 hoc
762 2522 816 2580 pro
837 2503 948 2580 pietate
969 2521 1043 2562 mea.

708 2694 816 2702 —-—

679 2842 848 2902 LXXXIV.

705 3020 822 3061 ARRIUS.

331 3168 334 3175 '
366 3156 547 3225 Chommoda
568 3162 699 3236 dicebat,
721 3162 746 3221 si
767 3162 886 3239 quando
906 3161 1060 3220 commoda
1081 3160 1172 3219 vellet

406 3244 520 3317 dicere,
541 3249 572 3302 et
592 3242 717 3302 iusidias
739 3242 845 3300 Arrius
866 3241 1027 3314 hinsidias‚

239 3432 265 3485 7.
288 3435 461 3498 cuiqnam:
484 3434 610 3483 ofschoon
627 3433 811 3495 quisquam
829 3432 916 3480 vooral
934 3431 963 3480 in
980 3431 1118 3494 negatieve
1136 3430 1232 3478 zinnen
1249 3443 1323 3478 voor·

207 3503 293 3564 komt,
319 3501 404 3550 wordt
429 3502 475 3549 het
500 3501 562 3549 toch
584 3499 634 3548 ook
657 3499 685 3547 in
709 3497 881 3547 affirmatieve
905 3498 1000 3547 zinnen
1024 3496 1175 3560 gerunden,
1202 3497 1265 3545 zells
1287 3494 1321 3558 bij

206 3569 294 3618 livius
317 3565 363 3629 33,
387 3566 416 3630 3,
439 3567 455 3614 4
478 3581 513 3615 en
536 3566 582 3629 42,
605 3565 649 3628 24,
673 3563 713 3614 13.
732 3591 767 3625 —4
784 3562 819 3615 12.
846 3565 919 3613 deis
941 3564 1079 3627 invitiS,
1103 3563 1173 3612 daar
1189 3564 1222 3612 de
1238 3563 1323 3625 peden

205 3638 266 3684 deze
289 3634 373 3695 liefde
394 3635 451 3683 niet
473 3634 573 3682 willan.
590 3658 624 3666 —
641 3632 712 3681 deis
736 3647 769 3681 en
793 3628 820 3681 17
843 3632 912 3694 dei,
935 3632 986 3695 vgl.
1004 3644 1090 3679 annm.
1108 3629 1142 3694 bij
1161 3629 1324 3692 X1V‚6.-

206 3699 243 3751 t4.
261 3700 429 3764 qualubet
445 3700 500 3749 scil.
514 3700 627 3762 ratione,
644 3713 815 3762 quocumque
827 3699 912 3747 modo.
925 3723 958 3732 -
970 3696 1111 3747 efficias
1125 3712 1160 3745 en
1175 3692 1202 3747 16
1217 3696 1323 3746 iacias

205 3769 271 3817 coni.
289 3768 479 3816 adhortativus.

239 3834 374 3883 LXXXlV.
393 3830 410 3882 Ι.
429 3832 644 3882 Chommoda:
662 3836 702 3880 tot
717 3847 750 3894 op
763 3831 852 3881 Cicero
864 3830 1030 3894 adspireerde
1042 3845 1106 3878 men
1118 3830 1206 3879 alleen
1218 3830 1322 3878 ῖόθθῖθη
