2850 4409
663 154 720 213 207

332 340 396 399 Hac
416 339 547 398 ducibus
567 356 690 415 causae3
713 340 855 398 suberant
876 339 930 398 sed
950 339 1069 415 publiea
1088 339 1161 398 belli

292 420 420 493 semina,
441 438 518 496 quae
539 419 666 495 populos
687 437 806 494 semper
826 437 957 479 mersere
978 420 1118 496 potentis.

213 501 271 559 160
291 518 420 579 namque
442 505 476 558 nt
496 517 568 576 opes
590 499 701 557 mundo
722 498 830 557 nimias
850 500 969 558 fortuna
990 500 1116 559 subacto

290 580 394 638 intulit
414 585 445 638 et
465 581 555 638 rebus
576 597 673 638 meres
693 596 811 637 cessere
833 580 987 651 secundis,

290 660 461 737 praedaque
482 666 513 719 et
532 659 658 718 hostiles
678 659 786 716 luxum
808 676 929 718 suasere
949 659 1085 735 rapinae:

290 758 350 799 nou
370 758 443 798 auro
464 739 590 798 tectisve
610 739 732 811 modus,
753 756 932 815 mensasque
953 739 1068 815 priores

290 826 448 895 aspernata
467 821 577 894 iames3
599 819 715 891 cultus,
736 825 853 893 gestare
874 819 996 877 decoros

213 902 270 959 165
291 900 344 957 vix
364 901 507 972 nuribus,
529 917 655 974 rapuere
676 916 790 957 mares:
811 899 940 958 fecunda
961 899 1091 958 virorum

290 987 452 1056 paupertas
472 979 604 1054 fugitur,
626 983 748 1055 totoque
768 979 932 1037 accersitur
952 980 1037 1053 orbe,

292 1079 350 1136 quc
371 1078 446 1134 gens
467 1077 603 1137 quaeque
624 1059 709 1135 perit.
732 1063 804 1117 tunc
825 1059 929 1134 longos
949 1059 1073 1134 iungere
1094 1060 1171 1118 fines

291 1158 445 1215 agrorum,
467 1145 498 1198 et
518 1139 668 1215 quondam
689 1139 764 1196 duro
787 1139 900 1197 sulcata
922 1139 1041 1199 Camilli

290 1238 426 1293 vomere,
448 1226 479 1279 et
499 1220 639 1295 antiquos
661 1218 818 1277 Curiorum
839 1237 928 1296 passa
948 1220 1064 1295 ligones

213 1301 270 1360 170
290 1300 379 1374 longa
400 1301 456 1359 sub
477 1298 587 1375 ignotis
608 1299 772 1358 extendere
792 1317 862 1357 rura
883 1299 1003 1358 colonis.

290 1398 350 1438 non
371 1385 435 1438 erat
455 1380 483 1437 is
503 1380 648 1455 populus,
669 1397 758 1454 quem
781 1397 840 1454 pax
861 1380 1022 1455 tranquilla
1042 1380 1174 1453 iuvaret,

292 1478 382 1536 quem
402 1477 457 1519 sua
477 1460 600 1518 libertas
621 1459 752 1517 immotis
772 1466 909 1534 pasceret
928 1460 1028 1518 armis.

290 1539 361 1598 inde
381 1540 443 1598 irae
464 1539 583 1611 faciles,
605 1542 650 1611 et,
671 1539 752 1615 quod
774 1539 919 1597 suasisset
940 1546 1072 1614 egestas,

290 1620 351 1678 vile
371 1621 471 1694 neias3
494 1637 693 1695 magnumque
715 1619 808 1677 decus
828 1620 967 1695 ferroque
988 1620 1167 1695 petendum,

212 1702 270 1759 175
290 1700 361 1774 plus
382 1701 479 1775 patria
499 1699 633 1774 potuisse
654 1717 724 1773 sua,
746 1716 945 1775 mensuraque
965 1699 1040 1759 iuris

292 1780 338 1837 vis
358 1785 437 1852 erat,
458 1779 530 1838 binc
550 1779 633 1853 leges
655 1784 686 1837 et
706 1779 803 1854 plebis
825 1779 900 1838 scita
920 1786 1052 1852 coactae,

291 1864 321 1917 et
342 1878 411 1918 cum
432 1859 605 1918 consulibus
625 1860 780 1918 turbantes
800 1857 866 1916 iura
886 1859 1012 1919 tribuni:

290 1939 361 1997 hinc
382 1939 460 2016 rapti
480 1940 578 1997 fasces
598 1939 710 2014 pretic,
731 1944 887 2014 sectorque
907 1939 1020 1997 favoris

290 2019 356 2095 ipse
377 2019 424 2077 sui
444 2019 575 2096 populus
595 2019 754 2093 letalisque
774 2019 905 2077 ambitus
927 2019 1009 2092 urbi,

211 2100 269 2159 180
290 2117 389 2157 annua
411 2099 507 2158 venali
528 2100 661 2158 referens
681 2099 844 2157 certamina
865 2098 991 2174 Campo:

290 2179 362 2238 hinc
385 2197 476 2238 usura
497 2197 604 2253 verax,
625 2179 808 2255 avidumque
828 2179 859 2235 in
880 2184 1014 2254 tempora
1034 2180 1156 2251 faenus,

223 2320 233 2332 ,
290 2266 321 2318 et
341 2277 486 2318 concussa
506 2260 596 2331 fides,
619 2264 650 2317 et
671 2258 775 2316 multis
796 2259 870 2317 utile
891 2259 1012 2317 bellum.

329 2339 394 2397 Iam
414 2339 530 2414 gelidas
552 2339 661 2399 Caesar
681 2356 772 2396 cursu
794 2344 987 2414 superaverat
1007 2338 1114 2414 Alpes,

290 2419 488 2495 ingentesque
509 2419 607 2477 animo
628 2424 742 2491 motus,
764 2420 937 2495 bellumque
957 2419 1093 2477 futurum

211 2501 269 2558 185
291 2505 419 2575 ceperat.
440 2505 475 2557 ut
494 2506 617 2558 ventum
638 2506 685 2557 est
705 2499 789 2573 parvi
810 2499 972 2557 Rubiconis
992 2499 1031 2557 ad
1052 2499 1164 2571 undaS,

289 2578 397 2654 ingens
418 2579 482 2637 visa
503 2579 575 2637 duci
596 2578 709 2655 patriae
730 2578 908 2653 trepidantis
928 2580 1027 2654 imago

290 2659 371 2718 clara
392 2677 447 2735 per
467 2660 622 2717 obscuram
643 2659 726 2717 voltu
747 2658 946 2717 maestissima
967 2664 1099 2730 noctem,

123 2795 290 2803 ——

124 2873 156 2937 3,
180 2872 228 2936 143
252 2874 319 2922 Plin.
344 2873 375 2922 N.
400 2874 430 2922 H.
455 2873 484 2936 5,
508 2872 565 2923 143.
583 2899 616 2906 —
634 2869 688 2922 157.
716 2874 773 2921 dat
795 2878 959 2937 stragem,
984 2875 1034 2935 sgl.
1053 2873 1128 2922 Lucr.
1147 2874 1172 2935 l,
1189 2871 1252 2932 228,

125 2955 185 3004 pag.
204 2940 228 2989 4.
246 2965 280 2974 -
298 2935 353 2989 165.
375 2940 538 2989 nuribus:
562 2940 597 3003 bij
622 2940 739 2988 dichters
755 2940 778 2988 is
796 2955 904 2989 nurus
921 2939 1036 3004 dikwijls
1048 2941 1132 3003 junge
1148 2955 1252 3003 crouw,

125 3005 202 3056 Ovis.
219 3006 328 3055 Metam.
346 3005 376 3065 2,
394 3005 452 3055 366.
468 3033 502 3040 -
520 3002 574 3056 168.
600 3005 751 3068 Camilli,
773 3002 828 3056 169.
847 3006 1042 3056 Curiorum:
1061 3006 1202 3070 Camillus,
1220 3006 1253 3054 de

125 3088 284 3123 vereveraar
300 3088 352 3122 van
374 3073 418 3122 Vei
435 3088 468 3122 en
485 3072 616 3137 berrijder
634 3074 675 3121 uit
691 3073 724 3121 de
741 3075 832 3122 macirt
850 3075 896 3123 der
913 3073 1038 3135 Galliers,
1056 3088 1090 3122 en
1107 3073 1141 3122 M.
1157 3071 1253 3122 Curius

126 3141 274 3202 DentatuS,
297 3139 402 3188 belrend
420 3140 462 3188 uit
479 3140 529 3188 den
547 3142 636 3202 oorlcg
652 3144 732 3203 tegen
750 3140 882 3203 Pyrrhus,
905 3141 1083 3202 bebouwden,
1101 3156 1146 3189 zoe
1163 3141 1203 3189 als
1220 3140 1253 3188 de

126 3207 311 3269 overlevering
328 3212 403 3269 regt,
419 3222 471 3269 neg
488 3207 540 3255 zeii
556 3207 612 3255 hun
630 3207 701 3254 land.
719 3233 753 3240 —
770 3203 825 3256 170.
844 3207 946 3269 longa
963 3208 1130 3270 proleptisch.
1143 3231 1176 3240 -
1191 3207 1252 3255 sub

126 3275 261 3337 ignotis
284 3273 429 3322 colonis:
454 3273 484 3337 zij
508 3273 629 3322 strekten
654 3274 746 3321 hunne
770 3275 867 3322 alters
891 3271 937 3323 abb
960 3289 1005 3322 ser
1029 3275 1082 3336 uit,
1107 3275 1153 3322 dat
1173 3272 1204 3337 aij
1224 3288 1252 3322 ze

126 3345 249 3390 moesten
270 3342 344 3388 laten
363 3340 508 3388 bebouwen
526 3340 589 3388 door
606 3340 706 3401 lieden,
731 3340 772 3388 die
791 3356 818 3388 ze
836 3341 892 3389 niet
910 3341 1030 3401 lenden,
1055 3342 1098 3389 die
1115 3355 1182 3405 gaen
1200 3340 1252 3389 Ro-

126 3408 235 3456 meinen
253 3421 352 3455 waren.
370 3432 403 3440 —
421 3402 475 3455 175.
498 3409 576 3468 plus
593 3407 706 3468 patria
725 3407 881 3469 potuisse
898 3422 972 3467 sua,
990 3409 1041 3470 vgl.
1060 3407 1110 3457 (lic.
1129 3408 1162 3456 sd
1180 3408 1252 3457 Fam.

126 3474 187 3537 vll,
211 3472 242 3537 3,
266 3473 296 3522 5:
323 3477 418 3521 notum
441 3473 490 3521 tibi
513 3488 591 3521 omne
616 3488 705 3521 meum
730 3474 869 3522 consilium
893 3488 950 3522 esse
973 3475 1057 3537 volui,
1081 3479 1113 3523 ut
1135 3475 1253 3538 primum

125 3541 206 3590 scires
224 3554 269 3588 me
287 3553 427 3601 nunquam
447 3540 560 3588 voluisse
579 3541 638 3601 plus
655 3554 819 3603 quemquam
838 3555 911 3602 posse
929 3555 1010 3603 quarn
1029 3542 1181 3591 universam
1196 3556 1253 3591 rem

126 3607 269 3669 publicam.
288 3632 322 3640 —
341 3602 396 3655 178.
421 3610 533 3654 sector
551 3622 581 3648 =
599 3606 728 3654 venditor.
756 3605 891 3668 „Sectcres
914 3613 1056 3673 vocantur,
1080 3609 1126 3672 qui
1148 3608 1254 3671 publice
1312 3636 1315 3641 <

125 3673 195 3723 bena
212 3671 395 3734 mercantur'’,
419 3674 454 3720 nl.
472 3687 516 3720 om
534 3687 562 3720 ze
579 3672 607 3721 in
625 3672 645 3720 ‘t
662 3673 735 3721 klein
753 3674 841 3721 weder
858 3678 885 3722 te
903 3674 1064 3738 verkoopen,
1088 3675 1170 3725 Gaius
1188 3676 1252 3725 lust.

126 3740 156 3802 4,
173 3740 238 3803 1463
263 3755 309 3789 zoo
333 3739 461 3787 verkccht
480 3739 527 3788 het
544 3739 604 3787 rolli
622 3739 673 3803 zijn
691 3744 773 3801 gunst
790 3754 840 3788 aan
858 3740 890 3788 de
908 3742 1041 3805 machtige
1058 3743 1253 3807 purtijhoofden

126 3822 160 3857 en
188 3808 284 3856 bunne
311 3806 438 3854 vrienden
463 3805 498 3869 bij
527 3806 559 3854 de
585 3806 769 3869 verkiezingen
797 3821 829 3868 up
855 3807 907 3854 den
932 3805 1049 3870 Campus
1074 3809 1193 3858 Martius.
1219 3833 1253 3842 -

126 3869 172 3925 181.
195 3875 229 3924 in
255 3879 426 3935 tempora,
449 3873 551 3935 „gierig
573 3887 605 3934 cp
622 3872 673 3920 den
690 3872 756 3935 tijd’'
773 3870 933 3935 (Francken)
953 3880 1009 3923 met
1026 3875 1073 3924 het
1089 3891 1139 3939 oog
1156 3890 1189 3937 op
1206 3875 1254 3923 het
