2850 4409
725 164 783 221 244

353 354 388 407 t
408 355 469 407 srn
489 353 644 408 contentae
664 350 783 425 patulas
804 350 969 415 defundere
989 350 1101 425 pelves,

353 429 454 487 ebrius
474 447 509 487 ac
529 429 682 504 petulans,
703 430 756 505 qui
777 430 894 488 nullum
914 431 991 489 forte
1011 430 1134 503 cecidit,

354 509 405 566 dat
393 514 550 584 tpoenas,
571 514 691 568 noctem
712 509 825 585 patitur
845 509 977 585 lugentis
997 510 1125 569 amicum

274 589 333 647 280
354 578 491 661 Pelidae,
512 590 629 647 cubat
621 608 653 647 m
673 589 796 662 taciem,
818 608 889 648 mox
910 590 1018 649 deinde
1039 590 1181 666 supinus3

353 687 424 744 ergo
444 687 503 727 non
523 668 611 727 aliter
631 669 741 745 poterit
762 669 905 728 dormire:
925 670 1106 746 *quibusdam

354 767 491 807 somnum
511 748 578 807 rixa
597 749 677 808 iacit.
699 749 754 808 sed
774 749 911 826 quamvis
931 750 1084 825 improbus
1103 749 1190 808 annis

294 854 296 858 ·
353 833 443 905 atque
464 847 545 887 mero
565 830 685 887 fervens
704 835 791 888 cavet
810 830 905 902 huno,
926 848 1016 906 quem
1036 830 1154 901 coccina
1174 828 1268 888 laena

353 907 441 966 vitari
461 907 544 967 inbet
564 914 595 967 et
615 910 758 968 comitum
777 909 971 984 longissimus
992 910 1078 983 ordo,
1103 923 1105 927 '

273 988 333 1046 285
353 989 481 1046 multum
501 994 655 1064 praeterea
674 990 862 1049 flammarum
882 995 913 1048 et
932 1008 1024 1049 aenea
1042 990 1165 1065 lampae.

354 1086 416 1142 me,
438 1086 528 1144 quem
547 1069 620 1135 luna
640 1069 717 1127 solet
737 1068 1064 1129 deducerevel‘breve
1084 1070 1186 1128 lumen

353 1148 509 1220 candelae,
530 1148 617 1207 cuius
638 1149 779 1225 dispenso
800 1155 863 1208 ett
864 1167 984 1225 empero
1005 1150 1103 1240 filum,

354 1228 527 1287 contemnit
549 1229 675 1288 miserae
695 1247 840 1304 cognosce
860 1229 1032 1305 prohoemia
1051 1230 1147 1302 rixae,

354 1307 380 1365 si
400 1308 467 1365 rixa
487 1314 549 1381 est,
569 1309 655 1367 ubit
642 1314 676 1368 tn
696 1309 815 1385 pulsas,
837 1328 892 1385 ego
913 1309 1021 1386 vapulo
1041 1315 1165 1368 tantum

273 1387 332 1445 290
354 1393 414 1445 stat
433 1393 502 1446 cont
503 1408 535 1446 ra
556 1389 688 1465 starique
708 1389 807 1447 iubet:
780 1394 933 1465 t·parere
954 1407 1077 1449 necesse
1097 1394 1158 1465 est3

353 1486 421 1525 nam
442 1468 516 1543 quid
535 1486 621 1543 agaS,
642 1487 712 1527 cum
733 1475 763 1528 te
783 1470 915 1528 furiosus
936 1475 1022 1544 cogat
1042 1475 1073 1528 et
1092 1469 1173 1528 idem

353 1548 476 1606 fortior?
497 1548 595 1621 „unde
615 1549 728 1607 venis?’
732 1549 909 1610 'exclamat
929 1550 1035 1623 „errius
1055 1554 1152 1622 aceto,

353 1627 439 1685 cuius
459 1629 570 1687 conche
591 1632 710 1687 tumes?
732 1630 800 1705 quis
821 1635 920 1688 tecum
942 1630 1046 1688 sectile
1065 1645 1187 1705 porrum

354 1714 438 1766 sutor
458 1714 489 1766 et
509 1708 582 1766 elixi
603 1708 738 1768 vervecis
759 1709 840 1769 labra
860 1710 1010 1768 comedit?
1042 1724 1045 1729 ⁴

273 1787 333 1844 295
353 1788 396 1845 nil
416 1787 490 1845 mihi
511 1789 694 1864 respondes?
714 1795 768 1847 ant
788 1789 852 1862 dic,
872 1796 925 1848 aut
944 1790 1045 1865 accipe
1066 1788 1190 1848 calcem!

354 1868 410 1926 ede
431 1868 481 1926 ubi
502 1869 663 1945 consistas3
684 1869 716 1926 in
737 1874 846 1946 quate
867 1888 977 1946 quaero
997 1866 1202 1945 proseucha?''

354 1947 454 2006 dicere
475 1947 501 2006 si
522 1953 618 2024 tempt
618 1966 651 2008 es
671 1948 786 2025 aliquid
806 1949 953 2008 tacitusve
973 1949 1109 2022 recedas,

353 2028 540 2086 tantumdem
561 2034 623 2087 est:
644 2029 758 2087 feriunt
777 2029 903 2120 pariter,
926 2029 1093 2088 vadimonia
1112 2021 1239 2086 deinde

354 2107 422 2165 irati
442 2108 564 2167 iaciunt.
586 2108 674 2167 libert
663 2114 708 2185 tas
728 2109 880 2200 pauperis
880 2111 963 2168 haec
984 2115 1045 2167 est:

274 2188 333 2245 300
354 2188 492 2263 pulsatus
513 2194 597 2263 rogat
618 2194 649 2247 et
668 2189 779 2265 pugnis
799 2189 936 2248 concisus
956 2190 1059 2247 adorat
1047 2194 1074 2261 t,

354 2273 388 2326 nt
406 2268 496 2326 liceat
515 2269 621 2344 paucis
642 2287 711 2328 curn
732 2269 872 2327 dentibus
892 2269 963 2328 inde
983 2268 1100 2328 reverti.

353 2367 410 2407 nec
429 2354 540 2407 tamem
560 2349 634 2407 haec
654 2354 770 2408 tantum
791 2353 915 2407 metuas.
936 2367 1006 2407 nam
1026 2349 1078 2425 qui
1099 2348 1207 2424 spoliet
1225 2353 1256 2406 te

354 2446 413 2486 non
433 2428 512 2486 derit
532 2428 642 2487 clausis
663 2429 815 2503 domibus,
835 2435 994 2506 postquam
1014 2428 1110 2487 omnis
1130 2427 1241 2504 ubique

194 2619 245 2666 den
269 2618 350 2665 nacbt
373 2623 581 2679 openstaan—
604 2615 668 2669 278.
696 2619 812 2667 ebrius
839 2633 875 2668 aa
901 2621 1078 2682 petulanS,
1103 2620 1139 2667 nl.
1162 2633 1213 2671 een
1233 2618 1324 2684 jonge

194 2683 369 2747 aanzienlijlre
386 2684 510 2747 Romaiu,
528 2700 579 2733 van
596 2700 661 2734 eene
679 2685 840 2749 nachtelijke
858 2685 1019 2749 slemppartij
1039 2685 1243 2749 terugkeerend.
1271 2687 1323 2735 Als

195 2751 230 2815 hij
249 2765 317 2814 gaen
335 2751 472 2815 kloppartij
492 2748 573 2814 (rixa,
591 2753 629 2801 zie
646 2767 683 2800 vs
700 2750 762 2813 989)
779 2753 866 2815 gebad
884 2752 995 2815 heeft,
988 2768 1011 2801 rs
1028 2752 1064 2816 hij
1081 2753 1321 2815 trenriggestemd

193 2820 233 2867 als
256 2818 371 2867 Achilles
393 2817 428 2881 bij
452 2818 500 2866 het
516 2818 563 2882 lijlr
581 2833 630 2867 van
650 2819 786 2868 Patroclus
803 2833 837 2867 en
855 2819 909 2867 kan
927 2820 978 2867 den
995 2820 1069 2881 slaap
1086 2819 1142 2867 niet
1158 2819 1265 2868 vindan.
1284 2845 1321 2854 -

193 2882 258 2936 283.
282 2885 420 2934 coccina
438 2886 548 2934 laena:
571 2900 620 2934 een
637 2886 797 2935 scharlalren
814 2887 929 2947 mantel,
947 2900 997 2934 van
1016 2885 1095 2934 diklre
1103 2885 1231 2949 ,wollige
1248 2887 1319 2948 stof3

193 2968 237 3002 om
261 2952 312 3000 den
330 2952 432 3013 hoogen
450 2952 512 3014 priJs
529 2954 615 3001 alleen
633 2953 696 3001 door
712 2952 779 3016 rijlre
797 2952 884 3001 lieden
902 2958 929 3001 te
946 2953 1010 3000 dracr
994 2967 1104 3015 gen.·-
1070 2922 1185 3003 -285.
1209 2966 1319 3002 aenea

194 3022 337 3081 lampas:
355 3034 405 3068 een
422 3018 545 3068 kostbare
560 3019 674 3067 bronzen
686 3019 772 3080 lamp
790 3019 853 3068 door
865 3034 914 3067 een
926 3019 996 3068 slaaf
1006 3019 1086 3081 gadra
1104 3034 1150 3081 en,
1168 3019 1201 3066 de
1212 3024 1319 3069 straten

194 3101 245 3134 van
262 3086 345 3134 Rome
362 3086 470 3134 werden
486 3086 635 3149 natuurlijlr
653 3086 699 3134 des
717 3087 811 3135 naebts
828 3086 884 3134 niet
901 3085 1071 3134 verlicht—
1086 3034 1153 3136 {aa
1172 3086 1317 3148 prohoe-

195 3153 273 3201 mia:
297 3153 358 3200 deze
383 3167 454 3221 vorm
477 3153 499 3200 is
523 3153 582 3200 hier
604 3166 638 3200 en
660 3153 694 3216 bij
721 3153 818 3201 andere
841 3151 980 3215 schrijvers
996 3151 1094 3214 gedelrt
1110 3153 1174 3201 door
1190 3153 1223 3201 dc
1241 3153 1318 3202 beste

194 3220 454 3268 handschn'foeten
471 3215 535 3268 290.
559 3219 646 3267 stari
678 3233 766 3266 ue:
785 3223 813 3267 et
831 3225 1019 3268 mestare—
1036 3215 1100 3269 292.
1124 3224 1236 3268 aceto:
1259 3220 1319 3268 bier

194 3286 278 3335 wordt
294 3301 358 3334 zare
374 3285 436 3348 wiJ'n
453 3286 622 3335 bedoeld—
639 3234 703 3336 283.
722 3287 863 3335 conche:
880 3286 1017 3348 qoedlroop
1033 3286 1109 3334 moal
1125 3301 1179 3334 van
1198 3286 1318 3347 booncn3

194 3353 296 3401 boonen
321 3353 421 3401 malren
445 3357 617 3415 opgezetoe
584 3348 704 3402 -2.94
732 3358 840 3401 sutor:
868 3357 924 3401 met
949 3352 1117 3415 verachting3
1142 3351 1184 3415 wij
1213 3353 1319 3403 zonden

194 3420 286 3467 eerder
310 3433 421 3483 zeggen:
444 3418 605 3482 sniJ'der.-
623 3420 791 3468 vervecis:
815 3420 871 3468 Lat
896 3417 939 3468 Gr.
964 3416 1024 3480 §63
1048 3433 1099 3467 van
1117 3419 1149 3467 de
1168 3418 1319 3482 bijzondere

193 3485 348 3534 beteelrenis
371 3501 422 3534 van
443 3487 547 3549 hamel,
570 3487 705 3547 pernectare
722 3501 784 3534 rura
801 3486 823 3534 is
842 3486 932 3534 hetin
951 3486 998 3535 het
1015 3485 1153 3534 Fransch
1146 3500 1175 3534 ιιι
1193 3486 1226 3534 de
1243 3486 1319 3550 alge·

195 3565 288 3599 meene
311 3551 465 3600 beteelrenis
482 3567 533 3601 van
553 3552 666 3601 brebis
683 3567 907 3615 ονθι.-3θ3ιιιιιι
874 3548 987 3602 2-96.
1012 3552 1199 3615 consistas,
1222 3554 1259 3602 nl
1278 3555 1319 3602 als

196 3617 373 3666 bedalaar.—
340 3633 525 3700 —quaero,
544 3620 570 3667 in
589 3620 885 3680 plaatsvandeneoni.
899 3619 981 3668 dubit
998 3632 1167 3681 quaeram
1178 3634 1319 3682 -pros-

194 3683 315 3745 encba,
337 3681 486 3747 προσευχή,
510 3686 606 3748 pebed,
632 3686 773 3748 bedebuia,
796 3700 938 3764 synagoge
964 3685 1002 3749 Bij
1027 3686 1059 3734 de
1075 3699 1232 3749 synagogen
1249 3687 1319 3738 vond
1422 3738 1423 3741 ,

195 3763 257 3795 men
280 3720 394 3812 diirwiils
416 3751 567 3800 bedelaars:
591 3753 623 3800 de
646 3752 815 3815 bedoeling‘
808 3768 831 3801 1s
852 3753 902 3801 dus
919 3750 1139 3816 waarscbijnlijlr:
1163 3751 1198 3815 bij
1215 3754 1321 3803 wellen
1422 3750 1423 3785 ι

196 3820 270 3875 trocp
296 3814 433 3863 bedelaars
457 3818 511 3864 kun
534 3819 563 3865 ilc
589 3818 613 3867 U
627 3820 802 3868 vindeni-
819 3815 883 3869 298.
910 3818 1117 3880 vadimonia,
1144 3818 1183 3867 zie
1207 3834 1244 3868 vs.
1269 3817 1321 3869 213
1422 3868 1423 3885 ,

195 3885 317 3937 aant-
334 3876 398 3929 300.
422 3882 556 3932 adorat:
575 3885 937 3949 biersynoniernrnetrog
922 3890 1036 3934 vat.—
1053 3855 1117 3935 303.
1141 3885 1249 3949 derit,
1268 3889 1320 3951 vgl.
