2850 4409
684 204 702 261 5
913 195 980 250 ³2⁸2<
1198 195 1283 258 ,ηῩι

898 287 1095 384 &xpi-2¹⁷}
1114 229 1283 374 *fflfflsj

289 387 413 464 grandia
435 406 522 462 saxa,
543 388 684 465 ruitque
705 388 850 465 quicquid
871 388 1139 447 fluctibus'obstat.

203 468 267 528 aab
291 468 449 544 sicigitur
470 469 581 528 debent
600 469 683 527 venti
704 486 824 545 quoque
844 468 966 527 flamina
986 468 1073 542 terri,

290 566 366 625 quae
386 549 482 607 veluti
502 548 636 607 validum
658 567 730 608 cum
750 549 863 607 flumen
883 549 1067 625 procubuere

290 646 380 705 quam
400 628 475 688 hbet
494 628 526 686 in
546 633 678 705 partem,
700 628 828 687 trudunt
847 646 896 687 res
916 635 985 687 ante
1005 633 1157 704 ruuntque

289 707 452 784 impetibus
473 708 600 782 crebris,
621 708 774 767 interdum
794 709 909 767 vertice
930 713 1007 766 torto

290 788 455 864 corripiunt
474 788 638 865 rapideque
659 788 769 846 rotanti
790 787 909 847 turbine
929 792 1056 864 portant.

206 868 268 926 295
290 885 382 944 quare
403 868 494 927 etiam
514 874 605 945 atque
626 867 717 927 etiam
738 874 810 926 sunt
828 868 911 927 venti
932 886 1055 944 corpora
1075 885 1177 940 caeca,

290 948 534 1024 quandoquidem
553 947 642 1007 factis
663 953 694 1007 et
714 947 847 1006 moribus
867 948 985 1007 aemuia
1004 947 1121 1023 magnis

289 1028 427 1086 amnibus
446 1028 656 1100 inveniuntur,
677 1033 781 1103 aperto
802 1045 925 1103 corpore
945 1027 998 1104 qui
1020 1033 1098 1086 sunt.

599 1377 784 1418 EMPEDOCLE&

155 1539 252 1590 Onder
275 1540 308 1587 de
332 1539 501 1602 wijsgeeren,
528 1539 592 1587 wier
615 1539 707 1587 stelsel
730 1536 870 1587 Lucretius
893 1537 1028 1602 bestrijdt,
1056 1538 1121 1586 kent
1144 1536 1180 1600 hij
1205 1551 1256 1585 aan

118 1607 254 1657 niemand
271 1610 411 1669 grooteren
429 1606 527 1655 lof.toe
546 1605 598 1654 dan
616 1619 667 1653 aan
684 1604 863 1667 Empedocles,
887 1604 1062 1668 Eigenaardig
1078 1605 1101 1652 is
1119 1605 1150 1652 de
1169 1603 1256 1668 wijze,

118 1689 233 1736 waarop
257 1672 293 1737 hij
317 1673 397 1721 dezen
414 1673 442 1721 in
460 1671 577 1721 verband
594 1672 691 1734 brengt
708 1677 765 1720 met
782 1672 829 1720 het
846 1672 909 1720 door
927 1672 989 1720 hem
1006 1670 1150 1720 bewoonde
1168 1671 1255 1718 eiland

120 1741 223 1792 Sicilie.
243 1739 286 1788 Zie
305 1740 337 1788 de
354 1739 552 1802 aanteekening
569 1753 601 1801 op
619 1754 655 1787 vs.
675 1736 732 1787 716.

572 1901 625 1960 Vs.
647 1902 818 1965 rus-733.

209 2064 270 2123 705
292 2061 480 2139 Quapropter
501 2062 553 2139 qui
574 2061 730 2121 materiem
751 2079 852 2119 rerum
873 2078 940 2119 esse
960 2065 1105 2137 putarunt

290 2142 392 2218 ignem
412 2148 503 2219 atque
523 2161 563 2200 ex
583 2142 646 2217 igni
668 2159 814 2200 summam
837 2140 1001 2199 consistere
1022 2158 1127 2216 posse,

293 2228 323 2281 et
344 2223 397 2299 qui
417 2222 599 2298 principium
620 2220 784 2297 gignundis
804 2225 874 2279 aera
895 2221 984 2279 rebus

294 2302 491 2375 constituere,
512 2308 565 2360 aut
585 2319 719 2360 umorem
740 2300 922 2377 quicumque
943 2305 1088 2376 putarunt

291 2382 405 2457 fingere
426 2399 475 2440 res
495 2381 595 2457 ipsum
617 2398 671 2457 per
692 2398 740 2454 se,
761 2386 909 2439 terramve
930 2398 1031 2439 creare

124 2585 192 2639 289.
221 2587 405 2651 quicquid,
424 2590 591 2635 construeer:
610 2600 675 2649 qua
693 2587 859 2650 quicquid
878 2586 1053 2636 fluctibus
1070 2586 1186 2635 obstat
1203 2584 1258 2648 (id)

125 2656 201 2705 ruit
218 2654 338 2703 amnis¹
352 2678 386 2687 -
399 2654 419 2701 ’t
431 2652 603 2703 Werkwoord
621 2666 698 2701 ruere
716 2654 744 2702 in
761 2654 865 2702 transit.
883 2653 1037 2702 beteekenis
1054 2654 1077 2702 is
1094 2653 1257 2717 dichterlijk;

126 2724 164 2771 zie
183 2737 222 2770 vs.
240 2719 292 2769 272
310 2733 343 2768 en
360 2718 418 2768 292.
429 2744 463 2752 -
476 2715 532 2769 291.
551 2719 769 2782 procubuere,
786 2724 843 2768 met
855 2720 957 2783 geweld
970 2719 1143 2783 losgebroken
1155 2720 1213 2783 zijn.
1224 2745 1258 2754 -

125 2785 183 2839 293
207 2802 243 2836 en
265 2782 331 2836 294.
358 2787 490 2835 vertice
515 2790 609 2834 torto
634 2801 668 2834 en
696 2788 829 2835 rotanti
854 2786 997 2836 turbine
1021 2801 1105 2850 geren
1128 2801 1259 2850 ongeveer

126 2854 263 2904 hetzelfde
280 2857 307 2901 te
325 2853 446 2914 kennen,
465 2852 532 2901 doch
550 2852 597 2901 het
610 2857 696 2901 eerste
710 2853 819 2916 paesici,
838 2854 885 2901 het
897 2854 999 2901 tweede
1011 2854 1092 2902 actief
1102 2868 1137 2901 en
1150 2854 1257 2902 daurom

125 2923 185 2971 niet
207 2920 402 2982 tautologisch:
427 2919 459 2967 de
477 2919 633 2981 windstoot,
657 2920 699 2968 die
718 2920 782 2968 door
799 2920 831 2968 de
848 2934 913 2968 eene
932 2921 960 2969 of
976 2920 1073 2968 andere
1090 2920 1200 2969 oorzaak
1217 2924 1258 2968 tot

126 3003 177 3038 een
195 2986 368 3037 wervelwind
387 2986 527 3048 geworden
545 2986 581 3048 is,
600 2985 664 3034 rukt
681 2986 712 3035 de
730 3001 899 3048 voorwerpen
917 2988 956 3035 los
973 3001 1007 3035 en
1025 2986 1099 3050 drijft
1116 3001 1144 3034 ze
1162 2987 1257 3034 danim

126 3069 194 3105 eene
212 3054 299 3103 snelle
317 3052 477 3115 dwarreling
494 3056 550 3100 met
567 3053 622 3101 zich
641 3053 726 3101 mede.
743 3078 775 3086 -
793 3049 858 3103 295.
882 3054 987 3102 etiam
1011 3058 1116 3116 atque
1139 3053 1257 3115 etiam,

125 3123 156 3171 ik
173 3135 220 3183 zap
241 3120 287 3169 bet
303 3133 357 3181 nep
376 3133 452 3181 cens,
470 3120 500 3167 ia
516 3132 562 3179 aeq
583 3120 628 3168 bet
645 3118 679 3181 bij
697 3120 849 3182 herbulinp.
865 3145 898 3153 -
912 3116 976 3170 297.
995 3124 1108 3182 aperto
1125 3133 1257 3182 corpore

127 3190 187 3253 qui
214 3190 312 3248 sunt,
339 3186 381 3233 die
407 3184 614 3249 klaarblijkelijk
637 3185 800 3250 lichamelijk
824 3186 888 3250 zijn,
914 3201 963 3235 een
987 3186 1121 3235 zichtbaar
1141 3186 1257 3235 lichaam

127 3254 249 3317 hebben,
267 3253 315 3301 het
331 3252 531 3315 tegengestelde
549 3266 600 3300 vau
618 3267 760 3315 corpora
777 3267 877 3302 caeca
893 3252 950 3301 295.

161 3316 227 3371 7⁰5.
256 3318 487 3381 Quapropter,
512 3318 604 3367 vooraf
624 3323 687 3381 gaat
709 3333 775 3367 eene
799 3320 977 3383 weerlegging
998 3334 1049 3368 van
1073 3319 1105 3367 de
1128 3320 1184 3367 leer
1206 3334 1257 3368 van

129 3388 282 3437 Heraclitus
300 3383 362 3447 (een
380 3384 501 3448 wijsgeer
519 3385 560 3432 uit
576 3384 709 3448 Ephesus,
728 3386 811 3434 nuens
827 3386 946 3451 bloeitijd
964 3388 1019 3435 valt
1035 3388 1063 3434 iu
1080 3386 1133 3435 den
1149 3386 1197 3450 tijd
1211 3387 1259 3435 der

128 3454 268 3503 Perzische
286 3451 437 3515 corlegen),
456 3451 502 3499 dat
519 3451 551 3499 de
567 3445 718 3514 g‘rondstof,
736 3454 851 3502 waaruit
862 3455 927 3502 alles
939 3458 1064 3502 ontstaan
1075 3453 1111 3516 is,
1130 3454 1177 3502 het
1188 3469 1259 3502 vuur

129 3521 211 3570 zoude
231 3519 292 3584 zijn.
304 3543 338 3552 -
351 3514 415 3568 7⁰6.
434 3532 597 3566 summam
615 3519 669 3567 scil.
688 3533 792 3582 rerum,
811 3521 843 3568 de
860 3534 917 3569 som
935 3520 982 3568 der
996 3519 1109 3583 dingen,
1127 3520 1151 3569 d.
1163 3521 1179 3569 i.
1192 3522 1259 3570 alles

129 3593 182 3636 wat
194 3588 315 3649 bestaat,
332 3585 380 3634 het
391 3579 600 3633 hemah-707.
619 3585 832 3649 principium,
845 3587 985 3649 grondstof
989 3624 996 3650 ,
1008 3581 1078 3650 ἀρχή
1084 3603 1093 3645 ;
1112 3589 1198 3649 aera,
1213 3602 1258 3637 zoo

129 3653 190 3702 bi'v.
208 3652 391 3702 Anaximenes
405 3665 456 3699 van
469 3651 573 3713 Milete,
590 3652 738 3701 omstreeks
751 3652 798 3701 het
811 3653 919 3701 midden
932 3652 1022 3702 derbe
1034 3668 1110 3702 eeuw
1122 3670 1145 3702 v.
1155 3652 1216 3702 Chr.
1225 3679 1258 3687 —

130 3669 194 3770 7ti8.
213 3732 360 3768 umorem
370 3733 401 3760 =
411 3732 427 3765 a
455 3732 541 3780 uam,
558 3732 603 3767 zoo
615 3718 711 3767 Thales
724 3733 775 3767 van
789 3718 891 3783 Milete,
906 3734 955 3768 een
965 3718 1170 3784 tijdgenootvan
1179 3719 1258 3769 Solon

130 3801 164 3835 en
186 3785 309 3835 Croesus
333 3810 367 3817 —
390 3732 454 3833 7⁰3.
481 3789 653 3833 terramve
680 3799 798 3833 creare
825 3787 949 3849 omnia,
976 3787 1060 3835 welhe
1084 3786 1205 3850 wijsgeer
1226 3787 1258 3835 de

131 3853 209 3902 carde
226 3857 269 3901 tot
286 3851 446 3914 principium
464 3866 515 3899 van
533 3852 598 3900 alles
613 3851 740 3914 gemacht
752 3853 839 3916 heeft,
856 3854 878 3901 is
891 3852 1009 3916 moeilijk
1021 3857 1048 3901 te
1063 3867 1176 3915 zeggen,
1194 3853 1258 3900 zelfs

131 3920 154 3968 is
177 3921 223 3968 het
247 3919 305 3967 niet
329 3931 393 3965 eens
416 3917 506 3980 zeker,
532 3918 578 3966 dat
601 3933 629 3966 er
653 3932 702 3966 een
726 3925 841 3981 geweest
863 3920 899 3981 ie,
923 3919 964 3966 die
986 3919 1032 3966 dat
1048 3917 1154 3981 geleerd
1170 3917 1257 3964 heeft:
