2850 4409
732 143 788 199 156

280 329 339 387 240
399 346 477 386 unus
498 328 536 387 de
556 327 646 386 Fabia
665 335 755 403 gente
776 326 899 385 relictus
920 334 998 385 erat:

361 408 479 467 scilicet
499 415 533 467 ut
553 425 657 484 posses
678 407 749 466 olim
771 414 819 478 tu,
840 406 986 476 Maxime,
1007 408 1103 477 nasci,

399 488 448 547 oui
469 506 518 547 res
538 488 704 547 cunctando
725 486 910 545 restituenda
929 488 1014 545 foret.

608 922 661 995 ru,
682 940 725 980 vs.
748 923 916 980 aro-ors.

495 1108 496 1111 ¹
547 1137 679 1178 nasoon
700 1138 763 1177 van
784 1137 975 1178 poossumus.

362 1306 452 1365 Terra
472 1305 569 1364 tribus
590 1306 721 1381 scopulis
743 1312 859 1364 vastum
880 1305 1029 1381 procurrit
1048 1305 1080 1363 in
1100 1324 1211 1382 aequor

282 1387 341 1445 420
402 1386 565 1459 Trinacris,
586 1404 603 1443 a
624 1385 724 1461 positu
744 1404 852 1445 nomen
873 1386 982 1461 adepta
1001 1385 1074 1444 loci:

361 1472 445 1541 grata
466 1466 572 1524 domus
594 1465 702 1525 Cereri.
725 1466 835 1523 multas
855 1484 890 1523 ea
911 1466 1044 1541 possidet
1064 1467 1169 1538 urbeS,

317 1614 319 1618 ἲ
402 1546 432 1603 in
454 1546 562 1622 quibus
582 1553 630 1605 est
649 1546 730 1604 culto
750 1546 859 1604 fertilis
881 1546 985 1603 Henna
1006 1546 1077 1604 solo.

361 1626 471 1701 frigida
492 1627 657 1685 caelestum
679 1631 789 1684 matres
810 1626 960 1684 Arethusa
980 1631 1116 1684 vocarat:

401 1712 524 1765 venerat
543 1706 582 1764 ad
603 1723 702 1764 sacras
723 1712 754 1764 et
775 1706 831 1764 dea
851 1707 928 1763 flava
948 1706 1049 1780 dapes.

282 1788 341 1845 425
362 1786 439 1859 filia,
460 1786 612 1844 consuetis
633 1790 667 1844 ut
687 1791 752 1844 erat
772 1785 911 1844 comitata
930 1786 1056 1861 puellis,

403 1868 520 1925 errabat
540 1866 621 1923 nudo
642 1884 696 1941 per
717 1884 771 1924 sua
791 1874 875 1941 prata
895 1866 981 1941 pede.

363 1947 441 2005 valle
463 1947 517 2005 sub
539 1947 677 2005 umbrosa
697 1946 782 2004 locus
803 1955 850 2004 est
869 1946 1027 2021 aspergine
1048 1946 1143 2004 multa

402 2026 512 2084 uvidus
532 2045 571 2085 ex
591 2026 651 2084 alto
673 2025 840 2085 desilientis
859 2045 962 2102 aquae.

362 2112 406 2165 tot
426 2108 545 2165 fuerant
564 2106 644 2180 illic,
666 2113 739 2182 quot
759 2107 848 2164 habet
868 2113 988 2178 natura,
1010 2106 1138 2172 colores,

283 2188 341 2245 430
402 2186 542 2263 pictaque
563 2186 703 2244 dissimili
724 2186 797 2244 flore
818 2186 931 2245 nitebat
951 2187 1068 2243 humus

362 2286 452 2343 quam
473 2267 563 2325 simul
584 2267 717 2342 aspexit,
739 2266 893 2339 „comites,
914 2265 1083 2324 accedite!’'
1105 2265 1184 2323 dixit

403 2354 452 2420 „et
472 2365 589 2406 mecum
610 2347 715 2422 plenos
736 2347 809 2420 flore
830 2347 939 2405 referte
961 2336 1085 2404 sinusl'⁹

362 2428 473 2503 praeda
493 2428 643 2502 puellares
664 2427 778 2484 animos
799 2428 944 2502 prolectat
964 2426 1076 2496 inanis,

403 2514 434 2565 et
455 2525 513 2564 non
534 2506 662 2566 sentitur
683 2507 843 2566 sedulitate
864 2507 954 2565 labor.

202 2637 204 2641 .
283 2589 342 2645 435
364 2588 437 2646 haec
457 2586 564 2663 implet
583 2586 664 2645 lento
685 2587 818 2645 calathos
838 2605 855 2645 e
876 2586 987 2644 vimine
1008 2603 1116 2658 nexos,

402 2667 476 2725 haec
496 2667 658 2742 gremium,
679 2668 765 2725 laxos
787 2667 929 2742 degravat
948 2666 1001 2725 illa
1022 2666 1113 2724 sinus.

362 2747 415 2805 illa
434 2747 509 2822 legit
529 2748 651 2805 calthas
673 2747 745 2806 huic
768 2754 838 2805 sunt
858 2746 981 2805 violaria
1001 2763 1104 2805 curae:

402 2828 454 2885 illa
475 2845 656 2903 papavereas
678 2828 817 2886 subsecat
837 2845 937 2902 ungue
958 2844 1072 2884 comas:

363 2910 432 2982 has,
454 2907 629 2982 hyacinthe,
651 2914 744 2965 tenes.
766 2907 849 2980 illas,
869 2911 1035 2978 amarante,
1056 2906 1196 2964 moraris:

283 2990 342 3048 440
403 3006 472 3064 pars
493 2989 612 3061 thyma,
633 3005 704 3063 pars
725 2988 852 3059 casiam,
872 3005 942 3063 pars
963 2986 1115 3045 meliloton
1136 2991 1243 3044 amant.

203 3201 242 3248 als
259 3199 291 3247 de
308 3197 475 3246 stamouders
491 3211 542 3245 van
561 3197 618 3244 hun
636 3196 763 3259 geslacht.
780 3222 814 3228 -
831 3190 887 3244 241.
906 3195 1061 3244 Maxime:
1081 3193 1102 3252 Q
1129 3195 1226 3244 Fabius
1240 3190 1316 3242 Maxi·
1397 3219 1398 3252 t

203 3281 277 3327 mua,
301 3270 357 3313 met
379 3265 430 3312 den
453 3263 569 3327 bijnaam
593 3261 751 3324 Cunctator,
776 3261 878 3311 behend
903 3263 944 3311 uit
966 3261 1018 3310 den
1037 3261 1160 3310 tweeden
1178 3259 1314 3324 punischen
1397 3259 1398 3302 ἶ

202 3334 302 3450 004126.
320 3398 510 3460 Trinacris,
529 3397 604 3445 Lucr.
623 3397 647 3459 1,
667 3395 723 3446 717.
740 3422 774 3428 -
791 3392 856 3446 422.
875 3395 1004 3457 Henna,
1022 3410 1087 3444 eene
1105 3410 1165 3446 zeer
1181 3395 1248 3444 oude
1264 3390 1316 3441 stad
1397 3365 1398 3428 l

203 3466 231 3513 iu
249 3464 269 3512 't
280 3465 388 3513 midden
406 3479 457 3513 van
475 3464 561 3514 Sicilie
579 3464 697 3527 gelegen.
714 3488 749 3496 —
766 3459 831 3513 423.
850 3463 1036 3525 Arethusa,
1054 3463 1086 3510 dc
1104 3462 1207 3526 nymph
1224 3475 1272 3510 van
1287 3458 1317 3506 de
1397 3473 1398 3506 r

203 3531 390 3595 gelijknamige
407 3531 473 3580 bron
491 3546 523 3594 op
541 3532 588 3579 het
604 3530 779 3579 schiereiland
797 3528 920 3592 Ortygia,
939 3529 1065 3578 ’toudste
1082 3529 1142 3578 decl
1159 3543 1210 3578 van
1222 3529 1253 3577 de
1264 3523 1315 3575 stad
1397 3559 1398 3586 3

204 3600 358 3662 Syracusae.
375 3623 409 3631 -
426 3593 493 3647 424.
513 3598 575 3645 dea
592 3597 699 3656 flava,
717 3595 810 3658 Ceres,
828 3610 892 3645 naar
909 3595 961 3644 den
979 3596 1059 3645 hrans
1076 3611 1129 3644 van
1145 3610 1223 3660 aren,
1241 3607 1315 3643 waar-
1397 3591 1398 3608 ²

204 3665 281 3715 mede
299 3663 364 3712 haar
382 3663 462 3713 hootd
480 3664 583 3727 getooid
599 3664 629 3713 is.
641 3689 675 3697 —
687 3659 753 3713 425.
772 3663 863 3711 filia:
882 3662 1044 3725 Proserpina.
1056 3658 1168 3713 -437,
1186 3662 1316 3712 calthas:

203 3734 235 3781 de
253 3731 343 3780 caltha
359 3731 382 3779 is
399 3745 464 3780 eene
482 3735 553 3780 soort
570 3744 621 3778 van
639 3731 892 3792 chrysanthemum,
915 3730 1097 3791 youdabloem.
1116 3754 1149 3764 -
1167 3725 1232 3780 438.
1256 3739 1315 3791 pap.

203 3811 326 3849 comas:
351 3797 409 3858 loos
427 3812 479 3846 von
501 3798 639 3858 umanhop
662 3798 692 3846 ol
711 3798 806 3846 hever:
832 3798 986 3858 secondom
1010 3797 1048 3845 zie
1065 3794 1152 3846 Gatul.
1171 3796 1212 3859 lV,
1234 3794 1272 3844 ll.
1288 3814 1316 3826 -·
1397 3853 1398 3858 ¹

203 3860 270 3915 440.
289 3864 429 3913 casiam:
447 3864 540 3912 casia
558 3864 580 3911 is
597 3870 643 3911 ten
656 3869 742 3912 eerste
754 3878 818 3913 eene
831 3865 918 3925 plant,
936 3864 976 3911 die
990 3864 1017 3912 in
1031 3864 1105 3912 lndie
1116 3864 1192 3912 thuis
1204 3863 1316 3913 behoort:
1397 3885 1398 3902 r
