2850 4409
720 197 779 256 228

348 380 585 458 praeteritosque
605 382 671 442 dies
691 388 723 441 et
742 388 820 441 totos
841 383 964 460 respicit
983 402 1091 459 annos,

387 479 445 520 nec
464 461 573 521 metuit
592 462 704 522 Lethes
724 462 784 521 iam
803 462 951 539 propioris
971 482 1071 541 aquas.

310 541 329 599 5
348 541 432 600 nulla
451 543 616 600 recordanti
639 543 694 601 lux
714 548 763 602 est
781 542 898 618 ingrata
918 545 1094 622 gravisque:

389 621 472 679 nulla
491 622 565 691 luit,
585 622 672 681 cuius
691 640 752 681 non
772 622 945 683 meminisse
964 624 1046 684 velit.

348 701 473 777 ampliat
492 702 599 760 aetatis
620 702 752 779 spatium
772 702 830 761 sibi
850 703 1027 764 virbonus:
1049 706 1105 764 hoc
1125 711 1173 766 est

388 780 490 840 vivere
510 782 572 855 bis,
593 782 658 841 vita
677 800 766 859 posse
786 782 885 860 priore
904 784 973 843 frui.

690 1031 734 1104 X,
760 1032 808 1091 47.

430 1228 532 1287 Vitam
553 1247 629 1306 quae
649 1228 761 1288 iaciant
781 1228 956 1304 beatiorem,

428 1308 644 1368 iucundissime
665 1308 826 1382 Mainalia,
846 1309 921 1369 haec
944 1316 1028 1370 sunt:

429 1407 478 1448 res
498 1407 558 1447 non
576 1394 661 1465 parta
681 1389 797 1462 labore,
819 1390 873 1448 sed
894 1390 1014 1467 relicta3

428 1487 488 1528 non
508 1469 644 1544 ingratus
664 1487 750 1544 ager,
771 1469 859 1528 iocus
879 1470 1036 1546 perennia,
1077 1466 1081 1472 ’

390 1551 409 1609 5
429 1549 468 1608 lis
488 1567 658 1625 nunquam,
679 1554 748 1623 toga
768 1568 849 1623 rara,
870 1568 956 1608 mens
976 1550 1092 1628 quieta3

367 1636 369 1639 ’
429 1629 509 1687 vires
529 1629 692 1704 ingenuae,
714 1629 832 1688 salubre
853 1648 977 1706 corpus;

429 1709 562 1785 prudens
584 1708 775 1786 simplicitas,
796 1727 884 1785 pares
904 1709 1005 1785 amici;

430 1788 587 1847 conuictus
607 1789 719 1862 facilis,
742 1788 806 1848 sine
827 1794 890 1848 arte
911 1807 1029 1867 mensa;

430 1886 491 1927 nox
511 1886 570 1927 non
590 1868 686 1942 ebria,
707 1869 762 1927 sed
783 1868 880 1928 soluta
900 1869 995 1946 cu1is;

372 1951 410 2009 10
429 1966 490 2007 non
510 1948 606 2007 tristis
626 1955 725 2021 torus,
747 1954 778 2007 et
798 1954 898 2008 tamen
917 1949 1061 2026 pudicus,

431 2045 567 2102 somnus,
589 2029 641 2105 qui
660 2029 750 2088 faciat
770 2030 877 2088 breves
897 2031 1049 2089 tenebras:

430 2109 511 2184 quod
532 2107 589 2182 sis,
610 2126 677 2167 esse
698 2108 774 2167 velis
795 2108 930 2186 nihilque
952 2110 1054 2187 malis;

431 2206 581 2247 summum
601 2206 657 2248 nec
677 2194 795 2247 metuas
816 2189 895 2248 diem
916 2207 972 2249 nec
992 2196 1086 2266 optes.

687 2438 747 2512 XI,
769 2440 817 2498 35.

429 2635 551 2711 Ignotos
571 2634 646 2692 mihi
666 2653 735 2693 cum
755 2651 847 2693 voces
867 2639 1030 2707 trecentos,

430 2732 522 2792 quare
542 2733 601 2774 non
622 2714 739 2773 veniam
760 2721 882 2773 vocatus
902 2733 920 2772 a
939 2718 985 2788 te,

430 2794 547 2853 miraris
568 2794 764 2872 quererisque
783 2794 966 2871 litigasque?

431 2876 513 2933 solus
534 2893 622 2948 ceno,
644 2873 782 2948 Fabulle,
803 2892 863 2933 non
883 2873 1020 2933 libenter.

224 3117 260 3179 X,
284 3113 325 3165 23.
361 3112 378 3164 1.
402 3115 587 3164 Antonius:
611 3115 716 3164 Marcus
739 3114 870 3164 Antonius
887 3115 993 3164 Primus
1011 3116 1052 3163 uit
1071 3115 1166 3166 'l'olosa
1182 3118 1209 3165 in
1226 3115 1320 3170 Gallie

190 3182 251 3246 (lll,
274 3180 321 3246 99,
345 3180 386 3245 3),
412 3197 462 3230 een
486 3182 591 3242 vriend,
616 3182 700 3230 wiens
724 3182 847 3244 deugden
869 3181 999 3231 Martialis
1021 3185 1185 3232 meermalcn
1202 3181 1248 3246 (ll,
1266 3182 1320 3248 32)
1416 3192 1417 3195 ’

190 3250 333 3313 uitbundig
354 3254 447 3299 rcemt.
465 3274 498 3282 -
515 3247 541 3300 2.
566 3247 801 3310 Olympiadas:
826 3248 884 3297 bier
900 3262 949 3297 een
966 3248 1082 3312 tijdperk
1099 3264 1151 3298 van
1168 3249 1216 3315 vijf
1226 3249 1319 3313 jaren.
1416 3256 1417 3297 1

190 3317 233 3366 Zic
250 3317 327 3365 Trist.
344 3316 374 3379 4,
391 3315 436 3379 10,
454 3314 487 3364 95
505 3318 574 3379 (pag.
592 3313 660 3376 176).

223 3384 260 3445 X,
283 3383 324 3431 47.
359 3380 385 3432 2.
410 3382 597 3431 Martialis:
622 3382 705 3431 lulius
723 3381 865 3444 Martialis,
889 3396 938 3430 een
956 3382 1047 3430 vriend
1065 3396 1116 3431 van
1134 3383 1186 3432 den
1203 3383 1319 3434 dichter.
1416 3382 1417 3447 l

190 3450 233 3499 Zie
257 3449 305 3512 IX,
329 3448 370 3512 97,
388 3448 412 3498 l.
429 3475 464 3483 —
480 3445 506 3499 3.
531 3449 594 3498 Hier
616 3448 721 3512 bewijst
744 3448 887 3510 Martialis,
910 3448 956 3497 dat
979 3447 1015 3511 hij
1039 3463 1089 3496 een
1110 3449 1175 3499 kind
1192 3464 1240 3499 van
1258 3448 1319 3514 zijn
1416 3456 1417 3495 l

190 3515 239 3580 tijd
256 3516 286 3564 is.
305 3516 360 3564 Een
378 3530 521 3579 vermogen
539 3517 602 3565 door
619 3515 709 3564 arbeid
727 3515 872 3577 verkregen
890 3519 962 3564 moet
979 3515 1078 3578 hooger
1092 3517 1193 3579 gesteld
1206 3516 1319 3567 worden
1416 3528 1417 3565 ξ

191 3583 243 3631 dan
266 3597 332 3630 eene
349 3583 455 3632 erlenis.
472 3609 505 3615 -
522 3579 548 3632 5.
575 3589 649 3645 toga
672 3596 761 3631 rara:
786 3583 877 3630 zelden
894 3583 934 3630 als
950 3582 1031 3631 client
1049 3581 1136 3646 zijnen
1153 3589 1259 3646 patroon
1279 3584 1319 3633 de

191 3649 392 3711 verschuldigde
410 3663 455 3698 eer
472 3664 540 3711 gaan
558 3649 698 3712 bewijzen,
715 3649 822 3712 waarbij
841 3662 903 3696 men
921 3648 996 3712 altijd
1014 3649 1046 3697 de
1064 3653 1128 3713 toga
1144 3649 1260 3699 aantrok.
1277 3675 1320 3685 —
1416 3708 1417 3711 Ἴ

191 3712 217 3766 6.
241 3716 426 3776 ingenuae:
450 3716 507 3764 niet
530 3717 615 3764 zooals
637 3730 687 3764 een
710 3716 790 3778 slaaf,
814 3730 889 3764 maar
911 3715 951 3764 als
974 3729 1024 3763 een
1047 3715 1095 3779 vrij
1119 3731 1182 3766 man
1199 3717 1238 3765 die
1253 3717 1321 3768 niet

190 3781 300 3829 belioeft
315 3786 343 3827 tc
360 3781 475 3829 werken.
491 3806 525 3814 -
542 3779 568 3832 9.
587 3797 662 3844 nox,
680 3782 777 3830 avenel.

225 3846 276 3905 XI,
300 3843 341 3892 35.
375 3841 403 3894 4.
428 3847 534 3895 solus:
559 3848 642 3896 ander
664 3849 768 3897 zoovael
791 3847 965 3897 onbekenden
989 3850 1094 3911 gevoelt
1111 3864 1173 3898 men
1191 3849 1243 3899 zich
1259 3862 1318 3898 na·
1416 3842 1417 3883 l

193 3910 308 3971 tuurhjk
326 3923 457 3958 eenzaam.
474 3937 508 3945 —
525 3908 552 3962 4.
573 3914 727 3962 Fabulle:
746 3928 796 3962 een
813 3914 980 3976 gefingeerde
998 3928 1085 3964 naam.
