2850 4409
648 197 686 253 31

264 381 411 457 optineat,
435 381 488 439 sed
510 380 563 457 qui
583 380 672 439 terrai
693 380 786 438 totius
807 382 924 453 orbem,

187 462 242 521 990
263 480 323 519 non
343 467 443 520 tamen
464 466 618 519 aeternnm
639 460 750 536 poterit
770 461 903 536 perferre
924 460 1058 519 dolorem

264 560 319 600 uec
339 542 481 617 praebere
502 541 599 599 cibum
623 541 743 616 proprio
764 541 801 599 de
823 558 947 616 corpore
969 557 1094 615 semper.

265 622 318 679 sed
342 621 446 695 Tityos
467 620 553 679 nobis
573 621 623 679 hie
643 626 704 693 est,
725 620 758 677 iu
778 638 877 678 amore
897 620 1047 679 iacentem

264 720 354 777 quem
374 701 511 759 volucres
531 701 663 759 lacerant
682 705 773 776 atque
794 707 880 759 exest
900 699 1009 758 anxius
1029 718 1123 775 angor

263 787 316 840 aut
336 781 394 839 alia
415 780 521 857 quavis
543 780 684 839 scindunt
704 780 873 856 cuppedine
895 798 992 839 curae.

187 862 243 920 995
265 860 414 936 Sisyphus
435 860 467 918 in
488 860 550 918 vita
571 878 689 937 quoque
710 860 796 919 nobis
816 865 886 919 ante
907 860 1012 918 oculos
1032 864 1095 932 cst,

265 941 317 1016 qui
338 946 440 1016 petere
461 960 478 999 a
499 940 610 1016 populo
630 941 728 999 fasces
749 958 913 1016 saevasque
934 957 1055 998 secures

264 1021 397 1093 imbibit,
418 1026 449 1079 et
470 1038 589 1096 semper
609 1020 707 1079 vietus
728 1020 885 1097 tristisque
905 1020 1027 1078 recedit.

265 1106 447 1177 nam'petere
457 1100 633 1176 imperium,
645 1101 726 1176 quod
736 1100 854 1158 inanest
865 1118 920 1158 nec
932 1100 1020 1158 datur
1029 1118 1188 1176 umquam,

264 1186 354 1256 atque
375 1181 407 1238 in
427 1198 462 1239 eo
484 1198 603 1256 semper
622 1180 732 1238 durum
753 1181 879 1239 sufferre
900 1181 1047 1252 laborem,

169 1261 244 1319 1000
265 1262 322 1319 hoc
342 1266 389 1319 est
408 1260 533 1318 adverso
554 1260 710 1319 nixantem
731 1260 852 1318 trudere
874 1267 974 1318 moute

265 1358 387 1413 saxum,
409 1340 489 1416 quod
510 1344 610 1399 tamen
631 1358 648 1399 e
669 1358 786 1398 summo
806 1340 866 1398 iam
887 1340 998 1399 vertice
1019 1357 1124 1397 rusum

265 1419 397 1478 volvitur
417 1429 448 1479 et
467 1420 549 1496 plani
570 1420 677 1496 raptim
701 1421 778 1495 petit
798 1438 927 1496 aequora
947 1419 1052 1495 campi.

265 1500 374 1559 deinde
395 1500 487 1558 animi
507 1500 654 1575 ingratam
675 1507 812 1558 naturam
833 1518 956 1576 pascere
978 1517 1110 1575 semper,

264 1586 355 1656 atque
376 1580 499 1656 explere
519 1580 605 1638 bonis
625 1581 716 1639 rebus
737 1580 904 1656 satiareque
924 1598 1102 1656 numquam,

168 1661 243 1719 1005
265 1660 345 1737 quod
365 1660 480 1718 iaciunt
500 1660 585 1718 nobis
605 1678 749 1718 annorum
771 1665 919 1736 tempora,
941 1660 1054 1718 circum

264 1758 333 1798 oum
353 1740 496 1813 redeunt,
516 1739 656 1816 fetusque
676 1741 778 1798 ferunt
798 1740 954 1816 variosque
974 1741 1106 1815 lepores,

263 1838 320 1879 nec
340 1826 440 1879 tamen
461 1820 619 1895 explemur
639 1820 712 1878 vitai
732 1820 881 1879 fructibus
901 1838 1059 1896 umquam,

264 1900 335 1973 hoc,
355 1905 391 1958 ut
411 1900 529 1975 opinor,
550 1900 582 1957 id
602 1905 663 1971 est,
684 1918 758 1958 aevo
778 1901 903 1959 florente
925 1900 1041 1975 puellas

264 1980 345 2056 quod
366 1985 531 2038 memorant
550 1980 673 2039 laticem
692 1986 849 2055 pertusum
870 1997 1030 2055 congerere
1050 1978 1082 2035 in
1102 1996 1170 2050 vas,

167 2060 243 2118 1010
265 2060 346 2136 quod
367 2061 469 2118 tamen
488 2059 605 2135 expleri
625 2060 708 2117 nulla
729 2060 842 2118 ratione
864 2059 1007 2136 potestur

266 2140 414 2199 Cerberus
434 2144 466 2199 et
485 2139 592 2198 Furiae
612 2139 672 2198 iarn
692 2158 778 2213 vero,
800 2144 831 2198 et
850 2140 929 2199 lucis
950 2155 1063 2214 egenus

110 2381 244 2445 dispendo,
269 2382 319 2430 ook
337 2384 388 2431 wel
405 2383 533 2444 dispenno
550 2382 584 2446 bij
604 2382 736 2443 Plautus).
754 2408 787 2416 -
804 2379 868 2434 993.
890 2387 996 2446 atque
1015 2397 1044 2424 =
1063 2382 1089 2430 id
1107 2386 1160 2443 est,
1177 2381 1227 2444 vgl.

109 2447 142 2511 Il,
158 2448 216 2498 615.
234 2474 269 2483 -
285 2445 349 2498 995.
375 2448 451 2512 Sisy
459 2450 559 2511 phuS,
583 2450 615 2497 de
636 2450 766 2511 sluwerd,
789 2450 870 2498 vader
887 2464 937 2498 van
956 2449 1071 2499 Glaucus
1089 2463 1122 2498 θη
1140 2452 1231 2511 groot-

108 2515 182 2564 vader
207 2530 260 2564 van
287 2516 515 2578 Bellerophontes,
541 2516 653 2565 stichter
677 2530 711 2564 en
738 2516 839 2580 koning
861 2531 912 2565 van
936 2517 1042 2579 Ephyra
1065 2512 1228 2576 (Corinthe),

109 2583 174 2631 werd
191 2597 236 2632 om
255 2581 323 2644 zijne
340 2582 473 2631 hebzucht
490 2596 523 2630 eu
541 2582 697 2645 winstbejag
714 2584 839 2646 gestraft,
858 2584 968 2633 doordat
986 2583 1021 2647 hij
1040 2583 1068 2630 in
1086 2584 1119 2631 de
1133 2582 1228 2631 onder-

108 2650 201 2698 wereld
224 2663 276 2697 een
299 2653 374 2697 steen
397 2653 478 2710 tegeri
500 2663 550 2697 een
573 2649 638 2711 berg
661 2654 747 2698 moest
770 2650 902 2712 oprollen:
929 2664 1054 2699 wanneer
1076 2649 1113 2713 hij
1138 2649 1230 2697 echter

108 2714 175 2780 bijna
192 2714 246 2779 zijn
264 2716 324 2764 doel
340 2715 444 2764 bereikt
461 2715 527 2778 had,
548 2716 621 2765 rolde
638 2715 670 2764 de
687 2720 764 2765 steen
781 2717 922 2780 plotseliug
939 2731 1010 2765 weer
1027 2730 1091 2765 naar
1108 2715 1229 2765 beneden

107 2797 137 2831 en
154 2781 288 2845 Sisyphus
305 2786 391 2830 moest
407 2782 530 2844 opnieuw
548 2781 599 2845 zijn
618 2783 708 2831 arheid
726 2782 867 2846 beginnen.
885 2809 918 2817 -
936 2780 1000 2834 997.
1025 2783 1177 2845 imbibit,
1199 2795 1230 2831 er

107 2864 137 2912 op
159 2851 203 2898 uit
227 2851 268 2897 ts:
293 2849 322 2896 in
345 2849 406 2898 deze
430 2848 667 2912 overdrachtelijhe
690 2850 845 2898 beteehenis
869 2865 902 2899 θη
927 2851 977 2899 dan
1002 2854 1058 2899 met
1080 2865 1130 2898 een
1153 2847 1228 2897 infin.

106 2915 310 2978 geconstrueerd
334 2914 410 2964 komt
433 2915 559 2964 imbibere
584 2930 643 2964 zeer
666 2917 757 2965 zelden
781 2932 849 2966 voor.
873 2943 907 2950 —
931 2913 996 2967 1001.
1024 2931 1152 2975 rusum,
1178 2915 1228 2976 vgl.

106 2982 152 3045 lll,
176 2982 219 3032 14.
243 3007 278 3014 -
302 2977 376 3031 1005.
401 2982 505 3044 quod,
528 2982 655 3046 namelijk
678 2997 784 3045 pascere
804 2984 872 3047 ingr.
891 2984 970 3033 anim.
989 2987 1043 3031 nat.
1061 2989 1143 3045 atque
1160 2980 1228 3043 expl.

106 3050 257 3113 satiareque
284 3062 366 3111 nunq.
393 3073 427 3082 -
454 3043 528 3097 1006.
554 3064 627 3098 cum
653 3052 773 3113 causale,
800 3051 834 3115 bij
861 3050 936 3099 Lucr.
961 3049 1075 3113 dikwijls
1099 3054 1154 3098 met
1176 3049 1228 3095 den

106 3116 180 3165 indic.
207 3140 242 3148 -
269 3110 342 3165 1007.
375 3129 437 3164 nec
467 3121 580 3164 tamen
611 3130 667 3165 enz.
693 3117 779 3180 hangt
804 3120 853 3167 ooli
880 3132 932 3180 hog
958 3117 988 3166 af
1012 3131 1062 3164 van
1088 3131 1169 3165 cum.
1196 3128 1229 3147 -’

26 3183 30 3188 ”
108 3178 177 3232 1008.
203 3196 288 3230 aevo
312 3182 386 3230 flor.
411 3182 527 3244 puell,
552 3183 585 3230 de
602 3183 744 3244 Danaides,
771 3183 805 3233 50
821 3184 944 3233 dochters
962 3197 1012 3231 van
1030 3183 1149 3245 Danaus,
1175 3186 1229 3229 met

108 3248 186 3297 haren
211 3248 293 3297 vader
316 3248 357 3297 uit
378 3247 499 3312 Aegypte
521 3264 587 3297 naar
609 3248 692 3313 Argos
716 3251 857 3313 gevlucht,
879 3249 1069 3300 vermoordden
1092 3251 1120 3297 in
1144 3248 1228 3298 denen

108 3317 185 3365 uacht
209 3315 276 3363 hare
298 3315 505 3380 eehtgenooten‚
529 3319 621 3365 terens
645 3318 709 3365 hare
727 3331 826 3380 neven,
851 3332 883 3379 op
900 3317 1060 3380 aansporing
1076 3331 1128 3365 vau
1145 3318 1229 3365 haren

109 3383 190 3432 vader.
217 3381 269 3430 Tot
285 3382 355 3429 straf
369 3387 490 3431 moesten
507 3381 537 3445 zij
556 3382 585 3430 in
602 3383 634 3431 de
651 3383 832 3433 onderwereld
851 3398 901 3433 eeu
919 3384 1022 3446 cenwig
1041 3384 1228 3447 vergeefschen

110 3448 192 3498 arbeid
219 3448 385 3511 verrichten,
409 3449 472 3497 door
493 3453 577 3497 water
599 3454 626 3498 te
649 3450 781 3513 scheppen
801 3451 828 3498 in
847 3465 897 3499 θθη
914 3457 959 3499 vat
977 3454 1032 3498 met
1049 3450 1229 3500 doorboordeu

109 3515 206 3564 bodem.
224 3540 260 3549 -
278 3510 343 3564 1010.
369 3519 542 3578 potestur,
566 3530 678 3564 evenzoo
701 3517 826 3580 gebruikt
845 3518 920 3567 Lucr.
939 3518 963 3574 l,
982 3516 1049 3565 1015
1066 3523 1228 3580 qneatur,

109 3595 138 3630 en
159 3582 275 3632 Plautus
299 3582 480 3644 nequitur,
503 3581 642 3632 Terentius
665 3584 801 3645 quitum
826 3589 885 3633 est.
908 3610 941 3618 -
962 3580 1018 3634 1011.
1044 3581 1229 3647 cerberus,

110 3649 235 3711 helhond,
260 3663 311 3697 een
334 3648 406 3697 hond
425 3653 480 3697 met
497 3649 554 3698 vele
572 3649 688 3712 koppen,
713 3665 762 3698 een
780 3656 849 3708 stem
867 3651 906 3699 als
922 3666 974 3700 van
992 3654 1091 3701 metaal
1109 3651 1154 3713 (en
1173 3653 1229 3701 vol-

110 3728 168 3777 gens
189 3716 295 3764 lateren
319 3719 376 3763 met
399 3730 448 3763 θθη
471 3721 556 3764 staart
575 3730 627 3764 van
644 3731 694 3765 een
712 3717 788 3780 slang
805 3732 838 3765 θη
856 3732 954 3766 manen
972 3733 1023 3767 van
1041 3717 1163 3783 slangen)
1181 3718 1230 3767 be-

19 3779 20 3834 ἶ
110 3783 208 3832 waakte
226 3784 278 3831 den
296 3783 409 3844 uitgang
423 3796 474 3829 van
487 3782 518 3830 de
532 3783 726 3844 onderwereld,
744 3784 808 3831 daar
820 3784 855 3847 hij
870 3799 920 3833 θθη
933 3785 1006 3833 ieder
1018 3788 1102 3849 rustig
1115 3786 1229 3847 binnen,

19 3899 20 3922 ¹
110 3863 177 3897 maur
199 3849 327 3898 niemand
352 3862 418 3896 naar
436 3847 529 3896 buiten
546 3849 594 3898 liet
610 3864 685 3912 gean.
712 3851 750 3898 De
769 3850 863 3899 Furiae
880 3849 925 3911 (de
943 3850 1088 3901 Grieksche
1106 3849 1228 3914 Erinyes)

19 3929 20 3976 3
110 3915 156 3978 zijn
172 3931 305 3965 eveneens
322 3915 351 3963 in
370 3915 402 3962 de
420 3916 601 3963 onderwereld
616 3917 748 3978 geplaatst
759 3931 802 3965 om
816 3918 848 3965 de
861 3918 1035 3981 misdadigers
1047 3924 1073 3967 te
1086 3918 1229 3976 bewaken,
