2850 4409
677 168 716 225 25

210 353 271 410 845
292 350 336 410 nil
357 359 457 411 tamen
477 359 524 412 est
544 353 583 411 ad
604 371 672 425 nos,
694 352 747 429 qui
769 359 891 429 comptu
912 352 1108 429 coniugioque

292 433 425 508 corporis
445 438 535 510 atque
556 434 671 492 animae
691 433 884 491 consistimus
905 432 1004 492 uniter
1024 433 1095 509 apti.

292 531 363 586 nec,
385 512 411 570 si
431 513 586 572 materiem
606 518 738 571 nostram
759 513 914 588 collegerit
933 520 1015 571 aetas

291 599 361 668 post
381 593 494 652 obitum
515 611 696 668 rursumque
717 593 867 668 redegerit
887 599 921 651 ut
942 593 999 651 sita
1019 611 1099 651 nunc
1118 599 1180 664 est,

292 678 382 748 atque
402 673 512 732 iterum
533 673 619 731 nobis
639 673 752 732 fuerint
772 674 841 731 data
861 673 975 732 lumina
995 673 1090 744 vitae,

209 753 271 810 850
292 753 441 829 pertineat
461 753 621 829 quicquam
642 758 742 812 tamen
762 753 801 810 ad
821 771 875 811 nos
895 753 927 811 id
948 771 1066 830 quoque
1086 753 1218 825 iactum,

292 832 460 909 interrupta
481 833 574 892 semel
594 851 664 892 cum
685 833 726 891 sit
746 833 913 909 repetentia
932 833 1036 891 nostri.

293 921 324 971 et
343 931 424 972 nunc
442 914 486 972 nil
506 913 545 971 ad
565 930 620 971 nos
641 913 678 972 de
699 913 785 971 nobis
805 913 926 985 attinet,
947 920 1016 971 ante

294 993 346 1068 qui
365 993 493 1066 fuimuS,
513 1011 611 1069 neque
632 993 692 1051 iam
712 993 750 1052 de
771 993 833 1051 illis
853 1010 907 1051 nos
927 993 1029 1051 adficit
1049 1010 1148 1066 angor.

292 1091 362 1130 nam
383 1091 452 1131 cum
472 1072 616 1149 respicias
636 1073 765 1131 inmensi
785 1073 929 1149 temporis
950 1090 1037 1132 omne

212 1153 273 1210 855
295 1154 490 1228 praeteritum
512 1152 658 1229 spatium,
679 1159 744 1211 tum
766 1161 864 1211 motus
885 1153 1019 1211 materiai

295 1232 480 1291 multimodis
501 1251 590 1309 quam
613 1233 688 1306 sint,
708 1233 796 1292 facile
817 1234 873 1291 hoo
895 1233 1056 1291 adcredere
1077 1232 1189 1307 possis,

296 1311 409 1371 semina
430 1331 518 1389 saepe
538 1313 570 1371 in
591 1313 712 1386 eodem,
733 1320 768 1371 ut
787 1331 868 1372 nunc
888 1318 973 1386 sunt,
994 1312 1097 1371 ordine
1118 1318 1203 1387 posta

294 1394 368 1451 haec
389 1393 510 1465 eadem,
533 1393 642 1469 quibus
663 1411 679 1451 e
700 1411 780 1451 nunc
800 1410 855 1451 nos
876 1410 995 1466 sumne,
1016 1399 1085 1451 ante
1105 1392 1215 1451 inisse:

296 1491 352 1531 nec
372 1473 495 1532 memori
517 1478 618 1531 tamen
637 1473 669 1530 id
690 1473 811 1549 quimus
832 1472 1068 1548 repraehendere
1089 1478 1205 1530 mente:

212 1554 272 1611 860
294 1553 373 1611 inter
393 1553 474 1612 enim
495 1553 602 1611 iectast
622 1552 694 1611 vitai
717 1570 823 1628 pausa,
845 1571 980 1628 vageque

124 1718 294 1726 —.——

128 1827 252 1886 animuS,
270 1824 404 1872 animae
423 1828 577 1885 potestas
594 1839 623 1866 =
640 1824 746 1871 animae
764 1824 801 1872 vis
818 1838 848 1866 =
861 1824 958 1872 anima.
974 1849 1007 1857 -
1021 1820 1088 1873 845.
1106 1829 1257 1885 comptu,

128 1893 182 1955 vgl.
206 1890 231 1953 I,
257 1889 315 1939 950.
340 1916 373 1924 -
395 1887 461 1940 847.
489 1891 545 1940 Van
572 1891 633 1939 deze
658 1886 838 1953 παλιγγενεσία
864 1891 893 1939 of
916 1890 1127 1953 wedergeboorte
1153 1889 1258 1952 schrijft

127 1959 214 2007 Varro
245 1959 292 2006 dat
321 1971 351 2006 er
379 1957 533 2021 wijsgeeren
559 1971 663 2019 waren,
695 1957 736 2005 die
761 1957 900 2020 gelooiden
926 1957 972 2005 dat
997 1958 1084 2017 „idem
1109 1971 1203 2018 corpus
1229 1960 1257 2005 et

127 2026 225 2074 eadem
256 2024 360 2086 anima,
389 2039 458 2086 quae
488 2024 590 2072 fuerint
618 2024 760 2072 coniuncta
788 2024 816 2072 in
846 2024 953 2072 homine
978 2024 1134 2086 aliquando,
1163 2023 1255 2071 eadem

128 2106 225 2140 rursus
256 2092 367 2140 redeant
392 2092 421 2139 in
446 2089 686 2140 coniunctionem’'.
719 2090 768 2138 Ζοο
795 2091 843 2139 ool<
871 2090 903 2138 de
929 2090 1022 2151 Stoici,
1054 2093 1108 2138 met
1133 2090 1172 2137 dit
1196 2105 1256 2137 ver-

128 2159 199 2208 schil
225 2158 332 2219 echter,
359 2158 405 2206 dat
430 2158 462 2205 de
487 2158 536 2205 ziel
560 2171 595 2205 na
619 2158 651 2205 de
674 2157 813 2220 scheiding
836 2171 886 2205 van
910 2159 955 2205 het
978 2157 1092 2205 lichaam
1116 2156 1172 2204 niet
1194 2161 1256 2204 ont-

128 2225 237 2275 bonden
255 2225 341 2285 werd,
367 2239 441 2272 maan
458 2225 485 2272 in
504 2224 570 2272 haar
587 2224 680 2286 geheel
697 2224 770 2272 bleet
785 2238 819 2272 eu
836 2223 904 2271 later
921 2228 977 2271 met
995 2224 1125 2271 hetzeltde
1142 2223 1257 2271 licbaam

127 2292 220 2340 weder
236 2295 278 2340 tot
295 2291 427 2339 hetzeltde
445 2291 539 2354 geheel
556 2290 707 2339 verbonden
723 2291 802 2339 averd.
815 2316 848 2324 -
859 2286 917 2339 851.
935 2290 1120 2352 repetentia
1138 2290 1255 2351 nostri,

129 2374 179 2408 ons
198 2358 252 2407 zeli
255 2357 419 2421 bewustzijn.
437 2381 470 2391 -
487 2353 552 2407 852.
576 2368 609 2406 et
627 2372 731 2418 nunc,
749 2357 798 2405 ook
817 2371 868 2405 nu:
886 2358 974 2405 zullen
991 2359 1059 2405 later
1075 2371 1139 2405 onze
1157 2357 1205 2404 ziel
1222 2371 1256 2404 en

127 2441 178 2474 ons
203 2425 318 2473 lichaarn
339 2424 427 2472 weder
444 2424 585 2487 vereenigd
603 2424 668 2487 zijn,
692 2424 745 2472 dan
763 2424 873 2472 konnen
891 2439 930 2472 we
948 2437 1110 2485 aannemen,
1134 2424 1179 2472 dat
1196 2424 1257 2472 het-

128 2491 215 2540 zelfde
239 2491 291 2540 oola
315 2491 391 2539 reeds
414 2488 476 2539 vbbr
499 2505 562 2539 onze
582 2489 705 2554 geboorte
725 2491 798 2539 heeft
815 2491 900 2551 plaats
917 2491 1016 2553 gehad;
1040 2505 1079 2538 we
1099 2491 1257 2538 berinneren

128 2574 179 2608 ons
203 2558 296 2607 echter
318 2571 370 2605 van
393 2557 454 2605 dien
478 2557 600 2606 toestand
626 2557 695 2605 niets
718 2555 762 2617 (de
781 2557 977 2606 nobiS...ante
994 2558 1041 2620 qui
1058 2555 1184 2620 fuimus),
1207 2557 1258 2605 dus

129 2626 221 2674 zullen
239 2639 280 2672 we
298 2624 344 2672 dat
361 2623 410 2673 ooli
428 2625 496 2672 later
513 2624 570 2672 niet
587 2624 654 2672 doen
672 2637 723 2671 van
738 2638 786 2672 ons
797 2624 993 2687 tegenwoordig
1005 2625 1088 2680 leven.
1106 2624 1258 2688 Tegenouer

128 2694 195 2740 deze
212 2691 403 2753 beschouwing
419 2694 489 2739 staat
506 2691 548 2739 die
566 2705 616 2738 van
634 2689 722 2751 Plato,
745 2691 786 2738 die
804 2696 909 2753 meent,
927 2691 973 2739 dat
990 2706 1037 2740 ons
1055 2691 1258 2740 weten·slechts

129 2772 199 2808 eene
223 2758 399 2820 herinnering
421 2758 444 2805 is
468 2758 509 2805 uit
531 2771 581 2805 een
603 2771 712 2820 vroeger
727 2757 846 2805 bestaan.
864 2782 898 2790 -
914 2753 980 2807 854.
1005 2758 1152 2806 inmensi
1177 2764 1257 2806 tem-

130 2824 241 2888 poris:
266 2838 392 2872 wanneer
415 2838 477 2872 men
500 2824 532 2872 de
555 2823 705 2886 tijdruimte
726 2824 824 2872 slechts
841 2828 916 2885 groot
932 2839 1033 2887 genoeg
1050 2830 1142 2873 neemt
1157 2825 1179 2873 is
1197 2824 1257 2886 het,

128 2894 158 2941 in
183 2891 232 2939 het
256 2890 462 2954 afgetrokbene,
486 2890 541 2939 niet
564 2890 651 2938 alleen
674 2889 894 2953 waarschijnlijk,
918 2905 993 2939 maai·
1015 2892 1079 2939 relfs
1097 2892 1187 2952 zeker,
1212 2891 1257 2939 dat

129 2972 198 3008 eene
220 2958 316 3006 zelere
340 2956 467 3019 bepaalde
490 2971 564 3006 maar
586 2957 727 3019 toevallige
744 2957 901 3019 verbinding
918 2972 968 3006 van
986 2963 1093 3006 atomen
1111 2956 1208 3018 (zooals
1225 2957 1257 3005 de

129 3025 245 3087 wereld,
264 3039 312 3073 ons
329 3024 444 3073 lichaam
461 3038 495 3072 en
513 3039 576 3072 onze
594 3024 643 3071 ziel
660 3025 769 3086 volgens
787 3024 925 3072 Lucretius
943 3023 1019 3088 zijn),
1036 3025 1080 3071 die
1092 3039 1129 3072 nu
1142 3024 1257 3086 bestaat,

130 3108 167 3142 na
184 3091 340 3140 ontbonden
358 3096 384 3139 te
403 3090 468 3154 zrjn,
486 3090 555 3138 later
571 3090 739 3153 terugkeert,
757 3090 837 3153 gelijk
851 3105 879 3138 ze
892 3105 1000 3153 vroeger
1012 3095 1128 3153 geweest
1140 3091 1172 3152 is,
1191 3104 1257 3138 even

130 3160 210 3208 zeker
227 3160 268 3207 als
286 3172 411 3206 wanneer
428 3157 456 3205 il
474 3162 530 3205 met
548 3157 603 3205 drie
622 3156 825 3206 dobbelsteenen
845 3172 916 3219 werp
934 3173 963 3205 er
980 3172 1053 3205 mear
1070 3157 1121 3205 dan
1136 3156 1258 3206 eenmaal

130 3227 188 3275 drie
206 3239 301 3274 zessen
318 3238 380 3272 voor
398 3224 449 3272 den
467 3224 518 3286 dag
535 3223 623 3272 zullen
641 3223 752 3286 lernen,
776 3238 901 3273 wanneer
917 3225 943 3272 ik
962 3224 1060 3273 slecbts
1077 3225 1140 3286 lang
1156 3238 1258 3287 genoeg

131 3293 257 3342 volhoud.
270 3287 383 3341 —855.
401 3294 513 3339 motus
531 3291 681 3339 materiai
699 3291 914 3339 multimodis:
932 3290 1139 3354 oorspronlielijk
1153 3291 1257 3340 hebben

131 3361 164 3408 de
188 3365 297 3409 atomen
321 3358 350 3405 in
374 3358 405 3405 de
429 3357 569 3419 oneindige
593 3356 705 3419 ruimte,
730 3357 828 3406 waarin
853 3372 881 3405 ze
904 3358 1004 3420 vollen,
1028 3372 1093 3406 eene
1110 3358 1258 3421 eenigszins

133 3441 185 3475 van
209 3427 242 3474 de
264 3423 375 3487 loodlijn
398 3423 558 3486 aiwijkende
581 3424 709 3484 nearing
734 3424 862 3472 daardoor
884 3429 988 3472 stooten
1010 3438 1038 3472 ze
1055 3427 1164 3487 volgens
1182 3426 1257 3474 Lucr.

131 3498 212 3556 tegen
236 3491 380 3554 ellander,
404 3491 515 3539 kaatsen
538 3491 566 3538 in
584 3491 776 3539 verschillende
793 3491 942 3552 ricbtingen
959 3497 1050 3554 terug,
1073 3492 1170 3540 tomen
1188 3507 1259 3541 weer

133 3566 189 3608 met
205 3560 305 3608 andere
322 3558 351 3605 in
369 3557 530 3619 aanraking‚
548 3572 581 3605 en
600 3571 644 3605 zoo
663 3561 788 3605 ontstaan
806 3572 835 3605 er
851 3557 958 3605 velerlei
976 3558 1155 3621 bewegingen.
1174 3559 1257 3609 Wan-

133 3642 198 3676 neer
220 3627 253 3674 de
278 3630 388 3674 atamen
412 3627 492 3687 tegen
515 3624 642 3672 elkander
658 3624 753 3672 botsen
771 3623 823 3671 kan
841 3625 888 3672 het
905 3624 1024 3687 somtijds
1041 3625 1188 3688 gebennen,
1212 3627 1259 3675 dat

134 3708 161 3743 ze
187 3694 244 3742 zich
270 3691 447 3754 vereenigen,
473 3691 536 3738 daar
562 3691 690 3754 sommige
717 3704 767 3738 van
794 3691 903 3752 haakJ'es
928 3692 1046 3740 roorzien
1069 3692 1133 3754 zijn,
1160 3694 1258 3741 andere

133 3761 210 3824 spits,
232 3775 305 3809 weer
322 3758 423 3807 andere
440 3758 519 3820 rond,
543 3756 652 3820 hockig,
670 3772 728 3805 ruw
746 3772 815 3818 ena.;
839 3772 965 3806 wanneer
981 3773 1013 3820 op
1031 3758 1093 3808 deze
1111 3759 1183 3822 wijze
1200 3760 1258 3807 vele

133 3833 238 3877 atomen
272 3826 332 3876 zich
365 3824 506 3887 vereenigd
539 3823 656 3886 hebben,
687 3829 812 3873 ontstaan
844 3837 871 3872 er
902 3824 1033 3873 zichtbare
1058 3826 1200 3873 lichamcn.
1225 3850 1258 3858 —

132 3889 194 3946 857.
220 3899 336 3960 posta,
362 3892 414 3954 vgl.
439 3891 463 3953 1,
486 3888 526 3939 35.
544 3916 577 3924 -
597 3886 663 3940 859.
689 3891 965 3951 repraehendere
984 3907 1013 3934 =
1033 3896 1165 3953 repetere,
1188 3905 1259 3939 weer
