2850 4409
735 156 792 213 168

301 343 341 401 30
401 349 433 400 et
453 342 526 400 mihi
546 340 667 400 vivendi
687 349 748 399 tam
770 341 831 399 cito
851 340 921 398 finis
940 341 1041 399 adest:

361 429 507 499 quantum
527 429 606 493 erat,
627 439 644 480 o
664 421 780 496 magni,
801 420 944 479 morituro
964 438 1100 496 parcere,
1121 420 1195 492 divi,

401 509 437 560 ut
457 502 562 560 saltem
584 501 680 577 patria
699 501 921 559 contumularer
940 501 1051 559 humo?

361 582 410 641 vel
430 600 525 657 poena
539 582 577 639 in
597 588 718 657 tempus
738 580 842 639 mortis
863 580 956 638 dilata
975 580 1098 652 fuisset,

401 662 451 719 vel
471 661 674 737 praecepisset
693 679 774 719 mors
794 669 951 736 properata
971 662 1081 735 fugam.

301 743 341 799 35
360 741 478 817 integer
497 743 574 799 hanc
594 740 677 817 potui
699 759 795 817 nuper
815 741 891 799 bene
911 740 1037 799 reddere
1057 741 1170 798 lucem:

401 822 491 884 exsul
510 829 544 880 ut
564 821 749 894 occiderem,
770 838 851 879 nuuc
872 820 946 878 mihi
968 821 1028 878 vita
1049 820 1117 878 data
1137 827 1191 879 est.

361 906 422 959 tam
443 901 547 977 procul
567 900 677 976 ignotis
697 901 791 976 igitur
811 901 972 959 moriemur
991 900 1115 973 moris,

402 988 433 1040 et
452 982 525 1040 fient
544 982 611 1057 ipso
631 981 729 1039 tristia
749 981 809 1038 fata
830 981 909 1050 loco;

361 1078 417 1120 nec
437 1079 503 1120 mea
523 1071 664 1120 consueto
684 1062 882 1136 languescent
901 1078 1023 1136 corpora
1044 1060 1135 1131 lecto,

301 1141 340 1198 40
401 1141 570 1217 depositum
591 1159 646 1200 uec
666 1158 714 1199 me
735 1140 787 1217 qui
808 1141 892 1212 fleat,
913 1140 995 1198 ullus
1015 1139 1088 1214 eritg

360 1238 417 1279 nec
437 1221 573 1281 dominae
593 1219 727 1279 lacrimis
748 1221 777 1278 iu
800 1226 901 1279 nostra
920 1220 1096 1279 cadentibus
1116 1237 1167 1277 ora

400 1301 544 1360 accedent
564 1301 679 1359 animae
699 1310 833 1377 tempora
854 1319 946 1376 parva
966 1317 1065 1372 meae3

360 1398 416 1439 uec
437 1381 574 1439 mandata
594 1381 684 1452 dabo,
705 1399 761 1439 nec
781 1399 849 1440 cum
871 1381 1000 1439 clamore
1022 1397 1159 1455 supremo

400 1461 534 1520 labentes
555 1461 656 1520 oculos
676 1461 785 1520 condet
804 1461 899 1519 amica
919 1478 1040 1530 manus,

301 1541 339 1611 45
360 1540 414 1599 sed
436 1540 500 1599 siue
520 1541 675 1600 funeribus
695 1550 786 1617 caput
806 1542 877 1612 hoc,
899 1541 963 1599 sine
985 1541 1093 1598 honore
1114 1538 1243 1614 sepulcri

399 1620 618 1696 indeploratum
641 1623 762 1680 barbara
783 1627 862 1680 terra
883 1622 979 1695 teget!

360 1701 486 1776 ecquid,
510 1707 542 1759 ut
561 1700 707 1773 audieriS,
729 1708 791 1759 tota
811 1702 967 1760 turbabere
989 1708 1103 1772 mente,

399 1789 430 1839 et
449 1781 540 1839 feries
561 1780 668 1858 pavida
688 1790 809 1857 pectore
830 1781 889 1839 fida
909 1782 1020 1838 manu?

359 1859 483 1937 ecquid,
504 1861 535 1918 iu
555 1861 609 1919 has
630 1861 741 1919 frustra
761 1861 888 1920 tendens
909 1870 960 1919 tua
980 1860 1099 1919 brachia
1119 1865 1235 1934 partes,

301 1941 339 1998 50
399 1941 540 1999 clamabis
561 1940 662 2000 miseri
682 1959 790 1999 nomen
811 1941 898 1999 inune
919 1941 995 1998 viri?

358 2038 447 2096 parce
468 2029 567 2079 tamen
587 2021 718 2080 lacemre
737 2039 845 2096 genas,
866 2039 921 2079 nec
942 2020 1047 2079 scinde
1068 2019 1207 2095 capillos:

400 2119 458 2159 nou
479 2101 532 2159 tibi
553 2119 633 2180 uuuc
654 2101 798 2177 primum,
819 2101 873 2159 lux
894 2118 975 2173 mea,
996 2107 1099 2176 raptus
1120 2117 1177 2158 erc.

359 2198 427 2239 cum
448 2181 575 2257 pat-riam
595 2182 695 2253 amisi,
718 2189 790 2239 tunc
810 2199 857 2240 me
878 2181 1004 2256 periisse
1026 2187 1135 2256 putate.

398 2269 429 2320 et
449 2262 530 2337 prior
550 2270 581 2319 et
600 2262 719 2337 gravior
739 2279 818 2319 mors
839 2262 896 2319 fuit
917 2261 968 2318 illa
989 2260 1070 2318 mibi.

300 2341 338 2398 55
358 2359 451 2414 minc,
471 2341 496 2399 si
514 2342 590 2400 forte
606 2348 705 2418 potes,
724 2341 790 2417 (sed
806 2359 866 2399 nou
883 2348 982 2417 potes,
1000 2339 1110 2416 optima
1127 2338 1269 2410 conium)

399 2421 492 2480 finitis
513 2422 610 2496 gaude
632 2429 675 2480 tot
696 2421 769 2479 mihi
791 2428 885 2480 morte
907 2421 1001 2479 malis.
1131 2481 1134 2485 a

359 2501 438 2576 quod
460 2506 559 2577 potes,
581 2510 713 2560 extenua
733 2502 802 2560 forti
824 2501 901 2559 mala
921 2501 1010 2560 corde
1030 2499 1168 2570 ferendo,

398 2580 436 2638 ad
457 2599 533 2657 quae
554 2580 731 2657 iampridem
751 2600 810 2639 uon
830 2581 906 2640 rude
927 2587 1034 2656 pectus
1055 2581 1154 2638 habea.

358 2665 448 2737 atque
469 2660 581 2719 utinam
604 2668 727 2736 pereant
747 2661 863 2720 animae
883 2680 952 2720 cum
973 2678 1095 2735 corpore
1115 2664 1249 2730 nostrae,

300 2741 338 2798 60
398 2740 582 2817 effugiatque
602 2742 706 2799 avidos
727 2759 797 2817 pars
819 2740 891 2799 mihi
913 2741 996 2798 uulla
1016 2757 1111 2815 rogos

358 2839 426 2878 nam
448 2821 473 2879 si
494 2828 590 2879 morte
610 2840 714 2879 careus
736 2840 828 2880 vacua
850 2822 929 2880 volat
948 2821 1028 2879 altus
1049 2820 1080 2877 in
1101 2837 1172 2877 aura

398 2901 537 2977 spiritus,
558 2909 589 2959 et
610 2900 700 2959 Samii
724 2909 794 2959 sunt
814 2908 876 2959 rata
898 2901 977 2959 dicta
998 2900 1093 2973 senis,

198 3083 358 3091 ------

214 3223 273 3258 roza
290 3209 346 3258 niet
359 3209 462 3273 gezegd.
476 3234 509 3242 -
521 3205 557 3259 31.
576 3213 707 3269 quantu
716 3222 743 3255 m
760 3213 877 3255 erat:
891 3213 1023 3269 quantum
1037 3207 1139 3270 fuerat,
1157 3208 1195 3256 zie
1208 3207 1261 3255 Lat
1271 3202 1311 3252 Gr.

197 3225 213 3336 ξ
228 3274 277 3324 514
295 3290 328 3324 en
348 3276 393 3325 het
410 3274 467 3324 lste
486 3274 571 3324 vocrb.
591 3274 688 3324 aldaar.
705 3299 739 3308 -
757 3270 801 3324 33.
824 3275 877 3322 vel
894 3274 1036 3334 fuisset,
1058 3274 1218 3391 duideligler
1233 3270 1313 3320 werdt

197 3343 229 3391 de
247 3343 302 3404 tin,
320 3357 446 3391 wanneer
463 3357 524 3391 men
543 3342 675 3391 utinam
692 3356 722 3390 er
734 3355 796 3389 vocr
808 3342 911 3402 plaatst.
927 3339 983 3390 Lat.
996 3340 1039 3390 Gr.
1053 3339 1132 3402 5518.
1174 3341 1206 3390 ol
1220 3339 1270 3387 kun
1282 3337 1311 3385 de

197 3409 381 3458 coniunctivus
398 3409 437 3458 als
454 3409 637 3458 adhortativus
657 3408 793 3457 verklaard
812 3407 933 3470 worden,
951 3421 1016 3456 naar
1032 3408 1088 3456 Lat.
1102 3407 1145 3456 Gr.
1159 3404 1229 3469 §518
1240 3405 1270 3453 Α.
1281 3427 1313 3438 -
1395 3449 1396 3452 ,

195 3470 243 3525 34.
261 3477 504 3538 praecepisset
517 3476 544 3524 in
557 3474 717 3539 eigenlijlen
730 3470 1093 3525 ammoniacem—42.
1113 3474 1310 3524 accedent=

197 3541 311 3590 addetur
328 3555 437 3603 parvum
456 3542 572 3604 spatium
587 3543 720 3604 temporis.
733 3566 766 3575 -
778 3536 826 3590 44.
845 3542 963 3590 oculos
980 3542 1115 3590 condet:
1134 3542 1172 3590 zie
1184 3538 1312 3604 Epistulae

198 3608 223 3669 l,
241 3622 277 3656 us.
295 3604 351 3656 113.
365 3632 398 3640 -
412 3604 456 3657 62.
475 3607 579 3658 Samii
595 3644 617 3657 ..
633 3609 740 3658 senis:
758 3609 791 3656 de
808 3607 951 3656 Grielscbe
969 3608 1123 3671 pbilosooph
1140 3608 1311 3672 Pythagoras:

197 3675 229 3723 de
253 3673 464 3736 Pythagoraeers
487 3675 593 3723 leerden
612 3676 645 3723 de
662 3674 890 3738 custerfelijkheid
908 3675 955 3723 der
973 3675 1027 3723 ziel.
1055 3674 1190 3725 Wauneer
1206 3673 1236 3738 zij
1253 3673 1312 3720 door

198 3740 263 3787 baar
280 3740 358 3787 leven
375 3739 403 3786 iu
421 3740 467 3787 bet
483 3741 597 3789 liobaam
616 3742 671 3790 zich
689 3742 828 3790 belwaam
840 3741 966 3804 gemacht
978 3742 1051 3791 heeft
1062 3747 1103 3790 tot
1113 3756 1164 3791 een
1177 3738 1312 3803 beerlijler

197 3805 288 3865 leven,
313 3807 376 3865 gaat
398 3804 443 3867 zij,
468 3820 502 3852 na
525 3820 575 3855 van
600 3806 647 3854 bet
668 3807 782 3855 lichaam
806 3807 958 3856 cntbondeu
981 3811 1007 3856 te
1031 3807 1095 3871 ziju,
1119 3823 1181 3857 over
1204 3809 1231 3857 in
1250 3817 1311 3854 eene

198 3870 311 3929 hoogere
335 3869 445 3916 wereld:
470 3870 543 3917 heeft
567 3870 596 3933 zij
622 3872 668 3920 dat
686 3874 743 3920 niet
760 3873 875 3935 geduan,
898 3874 949 3921 dan
968 3879 1030 3937 goat
1047 3874 1077 3936 zij
1096 3889 1159 3923 over
1175 3875 1203 3922 in
1221 3872 1312 3923 andere
1394 3881 1395 3884 ’
