2850 4409
643 191 696 249 167

613 456 675 528 Ill,
697 459 725 514 3.

525 695 559 735 IN
580 696 811 736 BALLINGSCHAP.

266 879 347 941 Haeo
371 900 449 954 mea,
472 882 497 940 si
518 900 590 941 casu
611 882 743 955 miraris,
764 881 893 958 epistula
914 899 1006 958 quare

305 961 428 1020 alterius
449 962 553 1037 digitis
574 962 683 1038 scripta
704 963 759 1020 sit:
781 980 870 1037 aeger
890 980 979 1021 eram.

266 1059 354 1116 aeger
373 1042 404 1099 in
425 1042 569 1100 extremis
590 1041 683 1118 ignoti
704 1042 840 1117 partibus
860 1041 955 1112 orbis,

305 1120 496 1198 incertusque
518 1140 600 1180 meae
622 1140 714 1197 paene
737 1122 842 1180 salutis
863 1140 951 1180 eram.

229 1203 246 1256 5
265 1219 353 1277 quem
376 1201 448 1259 mihi
468 1220 548 1260 nuno
568 1201 700 1260 animum
723 1202 786 1259 dira
808 1202 927 1277 regione
947 1200 1054 1259 iacenti

304 1280 383 1340 inter
404 1281 591 1340 Sauromatas
612 1297 679 1340 esse
700 1280 851 1358 Getasque
873 1284 981 1358 putes?

265 1379 320 1419 neu
340 1362 455 1419 caelum
477 1361 587 1437 patior,
609 1380 664 1421 neo
684 1362 770 1438 aquis
791 1361 983 1420 adsuevimus
1004 1361 1084 1432 istie,

303 1448 442 1517 terraque
462 1442 565 1500 neseio
586 1460 645 1517 quo
666 1460 724 1499 non
747 1442 843 1517 placet
864 1440 929 1516 ipsa
950 1441 1044 1499 modo.

264 1538 321 1578 non
343 1521 449 1578 domus
470 1528 539 1597 apta
560 1521 648 1594 satis,
669 1540 727 1579 non
749 1521 797 1579 lrio
818 1521 902 1579 oibns
924 1520 1007 1579 utilis
1027 1539 1131 1597 aegro,

212 1601 245 1657 10
305 1601 422 1673 nnlIuS,
445 1601 600 1677 Apollinea
621 1601 672 1677 qui
692 1601 773 1659 leret
792 1608 856 1659 arte
877 1601 1003 1659 malum:

265 1699 322 1738 non
343 1681 395 1756 qni
417 1681 543 1752 soletur,
565 1699 621 1739 non
645 1680 696 1757 qui
718 1680 846 1739 labentia
867 1681 951 1739 tarde

303 1770 437 1836 tempora
458 1761 603 1818 narrando
624 1761 722 1831 fallat,
743 1761 857 1819 amicus
877 1761 970 1819 adest.

264 1840 361 1898 lassus
382 1840 413 1897 in
434 1840 578 1899 extremis
598 1841 678 1899 iaeeo
699 1840 878 1916 populisque
898 1840 1047 1916 locisque,

303 1927 334 1978 et
355 1920 435 1979 subit
455 1921 572 1979 adiecto
593 1938 672 1978 nuno
694 1920 782 1992 mihi,
804 1920 947 1996 quioquid
968 1922 1060 1979 abest.

210 2000 244 2056 lt
264 2000 360 2058 omnia
381 2018 449 2058 oum
471 2001 610 2073 subeant,
632 1999 728 2058 vineis
748 2007 846 2058 tamen
868 2000 980 2072 omnia,
1001 2000 1146 2070 coniunx,

302 2089 333 2138 et
353 2081 423 2155 plus
443 2080 474 2137 in
495 2086 596 2138 nostro
618 2085 736 2156 pectore
757 2086 841 2155 parte
862 2086 954 2137 tenes.

264 2165 293 2218 te
314 2160 419 2236 loquor
439 2161 607 2231 absentem,
629 2168 659 2218 te
679 2178 739 2217 vox
760 2177 825 2218 mea
846 2159 978 2217 nominat
999 2177 1103 2217 unam:

304 2240 386 2297 nulla
406 2240 489 2298 venit
510 2240 574 2298 siue
595 2247 625 2297 te
646 2258 706 2297 nox
727 2239 817 2311 mibi,
838 2239 920 2297 nulla
941 2239 1014 2297 dies

264 2320 335 2395 quin
357 2319 446 2377 etiam
469 2320 513 2377 sie
535 2338 581 2378 me
602 2319 706 2377 dieunt
726 2319 822 2377 aliena
843 2320 990 2390 locutum,

207 2398 243 2455 20
303 2407 337 2457 ut
357 2399 434 2457 foret
453 2399 564 2458 amenti
586 2417 691 2457 nomen
712 2399 745 2456 in
766 2417 816 2457 ore
838 2407 932 2457 tuum.

264 2478 288 2536 si
308 2479 367 2537 iam
389 2479 541 2551 deficiam,
563 2480 782 2554 subpressoque
803 2478 905 2554 lingua
925 2478 1023 2554 palato

303 2559 355 2617 rix
375 2558 520 2617 instillato
541 2558 727 2618 restituenda
749 2576 843 2629 mer0,

262 2638 380 2697 nuntiet
400 2638 459 2697 hue
479 2638 587 2715 aliquis
608 2638 756 2697 dominam
779 2638 912 2709 venisse,
934 2657 1102 2713 resurgam,

303 2736 432 2794 spesque
452 2719 497 2777 tui
519 2718 603 2777 nobis
624 2736 713 2777 eausa
734 2718 845 2793 rigoris
866 2717 931 2776 erit.

207 2797 243 2854 25
262 2816 332 2874 ergo
353 2816 408 2873 ego
430 2816 495 2856 sum
518 2798 627 2856 dubius
648 2797 742 2870 vitae,
764 2808 796 2856 tu
817 2797 941 2855 forsitan
962 2798 1030 2856 istie

301 2878 464 2937 iucundum
486 2878 580 2936 nostri
600 2877 700 2936 nescia
721 2884 840 2953 tempus
861 2877 946 2952 agis?

261 2976 319 3015 non
340 2957 420 3032 agis,
441 2958 573 3015 adfirmo.
595 2958 691 3034 liquet
711 2959 782 3028 hoo,
803 2957 971 3027 carissima,
992 2956 1091 3028 nobis,

301 3044 421 3114 tempus
442 3038 490 3113 agi
512 3037 576 3095 sine
597 3055 645 3095 me
665 3055 724 3094 non
745 3036 802 3094 nisi
824 3036 909 3095 triste
930 3036 993 3094 tibi.

262 3117 287 3175 si
308 3123 407 3176 tamen
428 3117 565 3193 implevit
586 3135 651 3175 mea
672 3134 751 3189 sors,
773 3134 847 3193 quos
869 3116 986 3188 debuit,
1008 3133 1115 3186 annoS,

119 3262 262 3277 κ.-

146 3358 168 3413 6.
184 3364 402 3417 Sauromatas
419 3405 439 3416 ..
456 3367 644 3431 Getasque,
663 3370 713 3430 vgl.
731 3367 808 3415 Trist.
827 3367 869 3428 lV,
886 3367 933 3430 lu,
951 3365 1008 3416 tto.
1023 3391 1057 3401 -
1072 3363 1108 3417 ll).
1126 3367 1222 3431 Apol-

117 3427 196 3481 linea
220 3440 305 3484 arte:
331 3449 382 3484 aon
408 3434 500 3497 Apollo
525 3434 596 3482 werd
623 3434 744 3482 drieerlei
770 3434 979 3482 werkzaamheid
1002 3436 1222 3497 toegesehreven:

117 3502 278 3564 rmrspeuen,
296 3515 445 3564 genezeo
464 3502 493 3549 of
508 3502 631 3548 beelen
649 3514 683 3548 en
700 3500 873 3563 reinigen.-
887 3496 923 3550 14.
942 3500 1093 3563 adfecto,
1111 3503 1223 3565 vglons

114 3567 277 3628 mageddam
296 3568 355 3617 hier
371 3567 523 3632 (synoniem
541 3570 597 3615 met
613 3566 728 3615 lassus
745 3567 773 3614 in
788 3581 824 3615 vs.
836 3565 881 3625 13)
899 3568 1033 3629 uityeput.
1045 3593 1078 3601 —
1092 3564 1127 3619 16.
1147 3571 1223 3631 plus

116 3637 200 3689 parte
219 3650 247 3677 =
266 3634 429 3697 potissimam
448 3639 564 3696 partem,
582 3639 672 3682 neemt
688 3634 722 3681 de
739 3639 824 3682 eerste
838 3634 928 3695 plaats
947 3635 984 3682 in.
1001 3658 1036 3667 —
1053 3630 1088 3684 19.
1107 3636 1224 3683 aliena

115 3693 268 3764 locutum,
298 3699 362 3763 ijlen
392 3701 449 3761 (τοο
481 3714 579 3763 zeggeu
610 3698 652 3761 wij
682 3699 747 3748 ooli:
778 3699 813 3763 hij
841 3704 943 3761 praatte
967 3715 1012 3748 zoo
1038 3699 1164 3763 vreemd).
1190 3726 1223 3734 —

113 3755 152 3811 25.
174 3766 296 3816 dubius
320 3767 425 3826 vitae,
449 3768 480 3815 in
498 3765 591 3829 twijfel
607 3780 660 3813 van
676 3765 746 3829 mijn
764 3766 851 3827 boen,
874 3780 929 3814 oon
945 3765 1015 3828 napo
1032 3768 1224 3817 levensbehoud

115 3827 210 3893 totitem
227 3834 325 3883 dubius
343 3839 399 3883 met
416 3834 466 3881 den
484 3840 571 3896 genet.
591 3830 675 3880 werdt
690 3833 719 3881 iu
737 3832 802 3894 goed
817 3846 894 3894 proza
909 3832 965 3879 niet
979 3834 1131 3896 gerunden,
1149 3848 1224 3882 maar

113 3892 215 3962 dilwijls
232 3900 266 3963 bij
286 3899 374 3961 ovid,
392 3900 440 3948 ool
460 3899 584 3948 dubius
602 3912 687 3960 sum,
705 3900 735 3946 tu
754 3900 804 3947 ben
821 3900 852 3947 in
867 3897 960 3960 twijfel
972 3900 1095 3948 wordtin
1108 3899 1223 3948 klassiek
