2850 4409
669 170 728 227 221

378 356 433 414 hoc
454 373 562 414 nomen
582 355 722 414 domiuus
741 354 820 431 gerit
840 356 994 427 tabernae,
1015 388 1054 397 -

319 436 357 493 15
378 435 416 494 de
436 435 533 511 primo
554 435 638 493 dabit
657 436 789 495 alterove
809 433 880 493 nido

377 532 480 573 rasum
501 515 622 590 pumice
642 533 835 592 purpuraque
855 515 969 573 cultum

378 595 498 653 denaris
519 594 573 654 tibi
594 595 728 672 quinque
749 595 924 654 Martialem.

376 674 471 748 „tanti
491 693 551 733 non
571 674 624 734 es’'
645 674 710 733 ais?
731 709 771 718 -
793 674 888 751 sapis,
910 674 1054 752 Luperoe.

653 906 699 978 II,
723 905 750 965 5.

296 1098 343 1158 Ne
364 1100 495 1173 valeam,
518 1100 543 1158 si
564 1118 623 1158 non
643 1099 730 1173 totis,
752 1099 895 1172 Deciane,
917 1100 1023 1160 diebus

337 1184 369 1238 et
388 1185 488 1238 tecum
510 1179 581 1239 totis
601 1179 738 1239 noctibus
759 1197 826 1238 esse
845 1179 945 1239 velim.

298 1260 352 1319 sed
373 1259 433 1318 (luo
453 1265 524 1318 sunt
545 1278 621 1336 quae
641 1277 695 1318 nos
716 1259 893 1335 disiungunt
912 1259 995 1319 milia
1015 1278 1153 1336 passum:

338 1345 481 1416 quattuor
500 1340 574 1398 haec
597 1341 688 1412 fiunt,
710 1357 779 1398 oum
799 1339 952 1398 rediturus
972 1359 1046 1399 eam.

258 1421 279 1477 5
300 1437 388 1496 saepe
410 1418 490 1477 domi
511 1437 570 1478 non
591 1438 639 1492 es,
660 1437 729 1478 cum
751 1419 793 1477 sis
814 1438 947 1497 quoque,
969 1437 1058 1497 saepe
1079 1419 1206 1497 negaris.

338 1500 388 1558 vel
409 1504 525 1557 tantum
546 1500 646 1558 causis
666 1499 714 1558 vel
736 1498 790 1559 tibi
812 1517 901 1576 saepe
921 1517 1018 1560 vacas.

223 1606 226 1613 =
298 1585 328 1638 te
348 1584 448 1637 tamen
470 1584 504 1637 ut
524 1579 655 1651 videam,
676 1579 736 1637 duo
756 1579 839 1636 milia
858 1597 917 1637 non
938 1579 1021 1656 piget
1040 1579 1099 1654 ire,

337 1662 373 1717 ut
393 1664 423 1718 te
443 1677 503 1717 non
524 1659 657 1731 rideam,
678 1664 820 1736 quattnor
838 1659 883 1718 ire
903 1659 994 1736 piget.

653 1877 700 1952 Π,
722 1882 749 1939 r.
802 1968 805 1972 ³

263 2098 265 2103 ,
298 2066 456 2125 Declamas
476 2067 569 2139 belle,
591 2085 696 2126 causas
716 2067 797 2144 agis,
819 2069 932 2143 Attice,
954 2071 1045 2144 belle,

339 2145 479 2205 historias
500 2146 609 2219 bellas,
630 2147 761 2206 carmina
782 2148 860 2207 bella
880 2149 969 2224 lacis,
1050 2214 1053 2217 ,

296 2226 452 2301 componis
472 2226 550 2285 belle
572 2226 692 2299 mimos,
713 2227 927 2303 epigrammata
947 2231 1040 2303 belle,

339 2306 436 2365 bellus
456 2306 682 2381 grammaticae,
705 2307 803 2366 bellus
823 2327 856 2367 es
877 2311 1059 2386 astrologus,

257 2386 330 2444 eet
350 2386 428 2445 belle
450 2391 552 2445 cantas
573 2390 604 2445 et
625 2386 730 2457 saltas,
751 2388 865 2461 Attice,
887 2390 979 2464 belle,

339 2466 437 2524 bellus
458 2483 492 2525 es
512 2471 576 2525 arte
596 2467 695 2540 lyrae,
717 2467 814 2526 bellus
835 2486 868 2528 es
888 2476 952 2528 arte
973 2470 1059 2546 pilae.

297 2545 342 2603 nil
362 2546 438 2605 bene
459 2564 528 2604 cum
547 2546 657 2618 facias,
677 2546 770 2606 facias
789 2558 889 2607 tamen
910 2550 1008 2610 omnia
1028 2551 1120 2625 belle,

341 2624 386 2684 vis
407 2625 505 2684 dicam
526 2625 599 2702 quid
620 2625 682 2684 sis?
703 2645 829 2703 magnus
850 2647 883 2688 es
904 2630 1023 2689 ardalio.

132 2869 250 3006 tata
267 2887 489 3017 ppaquhg
504 2887 822 3018 ltt‘tttlltlall
839 2889 1260 3020 lila¹¹³ltll³dl⁸lll¹¹lglll

132 3028 227 3086 „tum,
250 2991 313 3070 anm
333 3023 487 3069 consulatus
505 3019 658 3084 petebatur,
683 3035 735 3070 non
753 3021 920 3085 rogabatur.”
937 3048 971 3057 -
988 3020 1025 3073 15.
1050 3025 1141 3084 nido,
1165 2995 1215 3073 valo
1232 3026 1260 3074 in

134 3090 168 3138 de
192 3087 367 3137 bockenkast.
390 3112 424 3120 -
447 3082 484 3136 16.
508 3101 621 3136 rasum
645 3088 791 3150 pumice:
814 3091 865 3152 vgl.
889 3103 947 3152 pag.
971 3088 1005 3138 60
1028 3091 1110 3139 onder
1132 3106 1169 3140 vs.
1186 3090 1209 3141 8.
1228 3116 1261 3126 -

134 3152 172 3206 17.
192 3154 334 3204 denaris
351 3154 520 3216 quinque,
538 3155 607 3202 ruim
625 3158 693 3203 trvee
711 3155 818 3217 gulden.

170 3222 208 3284 ΙΙ,
227 3221 251 3269 5.
288 3217 305 3270 Ι.
323 3220 484 3282 Deciana,
502 3222 553 3283 rgl.
571 3221 618 3269 het
634 3219 691 3270 8ste
709 3221 790 3284 epigr.
808 3236 859 3271 van
878 3222 897 3271 't
909 3228 995 3272 eerste
1011 3223 1087 3273 boel.
1099 3249 1133 3258 —
1144 3221 1170 3275 3.
1190 3241 1260 3288 pas-

132 3304 222 3351 sum,
242 3288 306 3337 door
323 3287 444 3350 synizese
461 3301 523 3335 voor
540 3302 716 3351 passuum,
734 3288 791 3337 Lat.
809 3287 853 3338 Gr.
871 3286 884 3350 ἓ
901 3287 942 3338 86,
960 3290 990 3340 Α.
1007 3289 1031 3339 3.

169 3356 208 3417 Il,
228 3354 251 3402 7.
287 3350 304 3403 Ι.
323 3353 452 3410 Attice,
471 3353 528 3401 hier
542 3353 770 3417 eeugefingeerde
783 3369 870 3404 naam.
882 3381 915 3390 —
927 3353 952 3407 3.
971 3357 1102 3420 mimos,
1122 3359 1260 3423 klucowa,

133 3424 175 3471 als
198 3436 250 3471 een
274 3420 366 3482 naspel
383 3417 532 3480 (exodium)
548 3418 583 3484 bij
602 3421 634 3468 de
652 3421 774 3470 dramata
790 3430 907 3485 gegeven
924 3438 958 3472 en
976 3425 1062 3474 alleen
1079 3424 1200 3475 bestemd
1217 3442 1261 3477 om

134 3489 187 3537 den
205 3488 326 3537 laclrlust
342 3487 389 3535 der
406 3487 600 3535 toeschouwers
617 3502 649 3549 op
667 3492 693 3535 te
711 3488 833 3537 wellen.
847 3514 881 3522 —
898 3486 926 3541 4.
946 3493 1157 3556 astrologus:
1176 3498 1261 3543 astro-

135 3570 230 3614 noom‚
247 3555 278 3602 in
296 3567 417 3602 zooverne
435 3553 471 3616 hij
490 3558 547 3602 met
563 3554 615 3602 den
632 3555 690 3616 loop
708 3555 756 3603 der
772 3560 874 3604 stercen
886 3570 920 3605 en
933 3558 990 3606 hun
1003 3573 1049 3620 op·
1062 3573 1096 3607 en
1108 3561 1262 3625 ondergang

135 3622 201 3685 goed
218 3620 326 3670 belrend
345 3634 413 3682 was,
431 3625 485 3668 wat
500 3619 535 3680 bij
556 3621 603 3669 het
618 3622 692 3669 lezen
710 3635 762 3670 van
779 3622 894 3672 dichters
910 3626 950 3673 als
967 3624 1066 3674 Aratus
1082 3640 1116 3675 en
1131 3628 1261 3691 anderen,

134 3689 201 3751 good
225 3692 254 3736 te
277 3701 325 3749 pas
348 3685 450 3749 kwam,
474 3701 588 3735 waarorn
612 3701 674 3735 men
696 3688 729 3736 de
751 3690 911 3739 astronomis
935 3691 987 3739 dan
1011 3693 1061 3741 ooli
1078 3694 1167 3743 leerde
1183 3695 1212 3743 in
1229 3695 1261 3743 de

130 3756 244 3804 abulen
262 3754 310 3802 der
327 3752 503 3815 grammatici.
520 3777 554 3786 —
571 3749 598 3803 8.
623 3755 756 3804 ardalio
773 3756 803 3804 ol
817 3757 964 3806 ardalio:
988 3759 1194 3823 davaliensem,
1211 3776 1261 3810 een

134 3823 193 3885 slag
215 3835 269 3870 van
285 3819 388 3880 lieden,
406 3820 453 3868 dat
469 3821 526 3868 veel
543 3820 640 3868 drukte
657 3821 765 3870 maakte
780 3837 813 3871 en
829 3823 899 3872 niets
911 3824 1056 3875 uitvoerde.
1073 3826 1143 3876 Eene
1155 3828 1261 3890 aardige

133 3887 282 3951 teekening
299 3900 351 3935 van
369 3886 447 3934 zulke
464 3887 609 3935 menschen
626 3887 699 3949 geeft
716 3887 816 3938 Seneca
833 3889 865 3938 de
882 3894 969 3953 tranq.
987 3907 1030 3941 arr.
1047 3891 1081 3941 Η
1098 3891 1111 3954 5
1128 3893 1202 3943 a-l.
