2850 4409
726 182 765 240 36

345 368 467 426 auribus
490 367 639 443 accipere,
661 372 692 426 et
712 385 886 427 consessum
908 386 1030 427 cernere
1051 368 1195 443 eundem,

346 447 508 524 scenaique
529 448 620 506 simul
640 446 738 506 varios
759 448 918 523 splendere
939 448 1072 507 decores.
1219 446 1222 450 ’

345 545 441 604 usque
461 527 536 586 adeo
556 527 657 603 magni
676 528 768 586 refert
789 528 922 586 studium
943 534 1034 605 atque
1053 528 1206 604 voluntas,

266 609 325 666 985
346 613 376 666 01
397 608 506 684 quihus
526 608 559 665 in
578 609 669 666 rebus
689 608 862 667 consuerint
882 626 948 667 esse
969 601 1138 684 operati*
1224 679 1226 682 ¹

345 705 405 746 non
425 687 561 746 homines
582 688 694 760 solum,
716 688 771 747 sed
791 706 862 747 1010
882 688 1023 747 animalia
1043 695 1158 747 cuncta.

387 766 504 844 Quippe
518 767 635 827 videbis
649 785 742 845 equos
756 768 857 841 fortis,
871 786 940 826 cum
955 769 1087 827 membra
1099 768 1252 843 iacebunt,

345 847 377 905 in
398 847 510 906 somnis
531 847 639 907 sudare
659 852 760 907 tamen
781 847 953 924 spirareque
975 866 1094 925 semper

345 932 376 986 et
397 927 483 1005 quasi
504 927 542 987 de
562 928 662 1004 palma
682 945 815 986 summas
835 928 1015 987 contendere
1035 927 1124 1002 viris,

266 1009 325 1068 999
345 1008 503 1084 autquasi
523 1008 691 1067 carceribus
711 1008 868 1083 patefactis
878 1037 1117 1058 -----

266 1089 324 1148 999
345 1092 567 1164 venantumque
587 1106 676 1147 canes
695 1087 728 1145 in
748 1088 831 1146 molli
852 1105 942 1164 saepe
962 1088 1063 1165 quiete

266 1169 323 1227 991
343 1167 457 1243 jactant
476 1186 563 1226 crura
582 1174 682 1227 temen
703 1167 817 1241 subito,
837 1185 985 1244 vocesque
1006 1174 1129 1245 repente

346 1248 484 1320 mittunt,
505 1254 537 1306 et
557 1249 662 1307 crebro
682 1248 853 1306 redducunt
873 1248 994 1307 naribus
1014 1266 1116 1322 aurae,

345 1333 380 1386 ut
399 1327 527 1403 vestigia
547 1328 573 1385 si
594 1333 716 1387 teneant
734 1327 857 1387 inventa
876 1328 1015 1387 ferarum.

345 1408 609 1484 expergefactique
630 1413 773 1467 secuntur
792 1408 892 1466 inania
912 1426 1001 1485 saepe

267 1489 325 1547 995
346 1506 499 1546 cervorum
523 1488 695 1560 simulacra,
715 1488 805 1563 fugae
826 1488 911 1564 quasi
932 1488 1034 1547 dedita
1054 1495 1192 1562 cernant,

347 1567 441 1627 donec
462 1568 607 1627 discussis
627 1568 752 1627 redeant
771 1568 921 1627 erroribus
941 1568 980 1627 ad
1001 1586 1043 1627 se.

261 1654 263 1658 ’
345 1653 377 1706 11
396 1652 538 1707 consueta
558 1648 639 1707 domi
659 1648 825 1707 catulorum
846 1648 954 1707 blanda
973 1667 1104 1725 propago

347 1727 512 1801 discutere,
533 1733 565 1787 et
584 1745 693 1804 corpus
714 1727 752 1787 de
773 1733 852 1788 terra
871 1728 1021 1804 corripere
1041 1729 1169 1801 instant,

248 1808 326 1867 1904
345 1807 471 1883 proinde
493 1807 578 1884 quasi
598 1808 716 1884 ignotas
735 1808 828 1867 facies
848 1813 938 1885 atque
959 1827 1010 1867 ora
1029 1815 1160 1867 tuantur.

248 1888 325 1947 1005
346 1893 377 1946 et
398 1906 456 1964 quo
477 1906 613 1964 quaeque
634 1888 730 1963 magis
751 1893 822 1947 sunt
841 1906 947 1964 aspera
968 1888 1174 1962 seminiorum,

345 1972 407 2026 tam
428 1968 522 2043 magis
542 1967 575 2025 in
596 1968 709 2027 somnis
729 1968 835 2027 eadem
855 1968 970 2027 saevire
990 1974 1155 2028 necessust.

346 2054 377 2107 at
396 2048 496 2107 variae
516 2048 638 2123 fugiunt
657 2048 795 2107 volucres
815 2048 982 2124 pennisque
1003 2055 1127 2125 repente

346 2128 508 2187 sollicitant
528 2128 628 2187 divom
648 2133 793 2187 noctumo
814 2133 948 2204 tempore
967 2129 1066 2202 lucos,

345 2208 503 2283 accipitres
525 2225 627 2267 somno
648 2209 681 2266 in
700 2208 763 2267 leni
784 2208 809 2266 si
830 2208 943 2284 proelia
963 2226 1080 2284 pugnas

247 2288 325 2347 1010
345 2288 435 2347 edere
456 2292 527 2346 sunt
546 2294 751 2364 persectantes
772 2288 914 2365 visaeque
933 2289 1077 2348 volantes.

344 2385 432 2443 porro
452 2368 607 2427 hominum
626 2373 743 2426 mentes
763 2368 880 2443 magnis
900 2368 952 2444 qui
974 2368 1103 2427 motibus
1124 2368 1219 2427 edunt

346 2466 468 2523 magna,
481 2447 587 2506 itidem
602 2465 690 2524 saepe
704 2448 737 2506 in
751 2448 863 2506 somnis
876 2448 1050 2525 faciuntque
1063 2453 1248 2525 gerantque,

345 2544 432 2603 reges
453 2533 644 2603 expugnant,
664 2528 838 2603 capiuntur,
859 2528 972 2603 proelia
992 2528 1134 2604 miscent;

346 2607 456 2665 tollunt
475 2607 650 2681 clamorem,
672 2607 758 2685 quasi
779 2608 805 2666 si
824 2608 1013 2683 iugulentur,
1034 2608 1162 2668 ibidem:

248 2688 325 2745 1015
346 2687 434 2745 multi
455 2687 628 2763 depugnant
648 2687 838 2764 gemitusque
860 2688 1011 2747 doloribus
1032 2689 1141 2764 edunt3

346 2772 377 2826 01
397 2767 482 2843 quasi
503 2768 665 2843 pantherae
685 2786 787 2827 morsu
808 2767 926 2828 saevire
947 2768 1056 2842 leonis,

184 3048 365 3084 waarnemcn.
378 3059 411 3067 -
423 3028 488 3084 984.
508 3032 618 3082 101011
635 3033 804 3082 studium:
823 3033 905 3082 refert
919 3039 976 3083 met
987 3048 1037 3083 een
1049 3034 1133 3083 subst.
1145 3036 1185 3083 als
1196 3035 1307 3098 subject.

186 3101 261 3150 komt
284 3115 342 3149 zeer
364 3101 455 3149 zelden
479 3115 547 3149 1001.
565 3126 598 3134 -
616 3096 681 3151 985.
708 3101 911 3149 consuerint
927 3102 979 3164 vgl.
998 3101 1032 3164 v,
1049 3099 1090 3150 53.
1108 3127 1142 3135 -
1158 3097 1223 3151 999.
1249 3102 1307 3150 han

186 3168 326 3217 1101010110
343 3182 394 3216 van
412 3168 451 3216 dit
468 3182 526 3216 vers
543 3167 691 3231 cntbreken
708 3181 758 3215 een
775 3181 839 3229 paar
855 3168 980 3216 woorden
996 3168 1025 3216 in
1042 3168 1075 3216 de
1092 3168 1308 3230 handschriften‚

186 3236 227 3283 die
250 3249 351 3296 saepe
374 3235 493 3297 quiete
517 3234 558 3282 uit
579 3234 627 3282 het
642 3233 772 3297 volgende
789 3248 848 3283 vers
865 3234 915 3283 cok
932 3235 960 3283 in
978 3235 1017 3283 dit
1034 3249 1092 3284 vers
1109 3234 1215 3284 hebben
1231 3250 1309 3284 0101-

186 3316 324 3364 genomen.
341 3296 456 3351 -992,
484 3300 679 3349 redducunt
704 3300 842 3349 naribus
868 3315 983 3364 auras,
1009 3301 1144 3364 snuffelen
1169 3307 1225 3351 met
1251 3302 1309 3351 bun

186 3370 262 3418 snutt
284 3369 315 3417 in
336 3368 369 3416 de
393 3368 473 3416 lucbt.
496 3393 530 3401 —
553 3362 616 3416 997.
644 3368 839 3416 catulorum
862 3367 988 3416 blanda
1010 3382 1157 3431 propago
1177 3383 1207 3411 =
1225 3370 1309 3418 catuli

186 3435 288 3496 blandi;
303 3433 345 3497 wij
360 3435 461 3483 zouden
470 3433 582 3482 kunnen
591 3433 722 3483 vertalen:
738 3434 965 3498 betvrtendelijlte
974 3436 1078 3484 rcsder
1087 3435 1310 3485 loamedon.—

185 3498 250 3552 998.
275 3501 451 3549 discutere
474 3501 613 3549 instant
650 3500 789 3550 schudden
811 3501 920 3564 baostiq
943 3502 1002 3551 bun
1018 3502 1136 3551 lichnum
1152 3516 1186 3551 en
1203 3502 1309 3552 11011101

187 3569 230 3617 bet
251 3582 285 3631 op
302 3582 357 3616 oca
374 3568 426 3616 den
443 3568 539 3630 grand.
557 3538 683 3618 -1904,
711 3571 859 3616 tuantur
881 3583 943 3617 1001
965 3573 1149 3631 tueantur,
1172 3582 1217 3617 zoo
1235 3569 1311 3618 heeft

185 3636 261 3685 Lucr.
286 3634 337 3683 och
360 3634 476 3698 tuimur,
500 3634 590 3697 tuere,
614 3634 775 3684 contuimur.
792 3660 826 3669 -
843 3630 918 3685 1995.
942 3635 1166 3684 seminiorum
1184 3634 1310 3698 gebruilrt

185 3704 225 3752 als
248 3715 396 3764 propago
420 3716 456 3750 vs.
480 3698 543 3763 997;
567 3700 619 3750 den
642 3705 731 3764 genet.
755 3700 789 3765 bij
810 3716 968 3764 quaeque
986 3702 1061 3751 vindt
1078 3716 1140 3750 men
1158 3702 1258 3750 zelden.
1276 3728 1310 3737 -

186 3764 260 3819 1009.
285 3768 419 3831 proelia
441 3782 587 3831 pugnas,
611 3767 649 3816 zie
667 3768 700 3831 V,
719 3766 776 3816 118.
793 3764 913 3818 -1010,
939 3773 1107 3818 construeer:
1130 3768 1152 3817 si
1169 3783 1263 3818 somno
1280 3770 1309 3818 in

186 3836 240 3884 leni
264 3834 400 3897 accipitres
424 3839 452 3883 et
473 3838 652 3897 persectantes
669 3836 787 3884 volantes
804 3832 851 3896 (en
868 3835 965 3884 andere
982 3833 1140 3899 roofvogels)
1157 3836 1227 3883 visae
1245 3841 1310 3885 sunt

185 3903 263 3951 edere
281 3902 380 3964 proelia
396 3898 446 3962 (et)
464 3915 574 3964 pugnas.
