2850 4409
651 174 687 232 57

348 357 530 435 Propontida
550 364 705 418 trucemve
726 357 882 417 Ponticum
904 358 1020 433 sinum,

290 439 328 497 10
348 439 399 497 ubi
419 438 478 498 iste
498 445 567 515 post
588 438 743 515 phasellus
763 444 850 497 autea
869 437 928 496 fuit

349 522 463 577 comata
484 518 576 577 silva:
598 537 667 577 nam
688 518 810 592 Cytorio
830 517 862 576 in
882 518 953 594 iugo

349 599 490 675 loquente
512 617 601 674 saepe
623 598 744 658 sibilum
765 597 862 657 edidit
881 616 973 657 coma

348 678 479 737 Amastri
501 678 625 737 Pontica
644 684 676 737 et
696 678 807 752 Cytore
827 678 962 751 buxifer,

347 758 401 817 tibi
422 760 496 823 haec
515 758 611 818 fuisse
631 764 663 817 et
683 775 750 817 esse
770 757 975 833 cognitissima

292 841 329 898 15
348 838 391 896 ait
410 838 581 915 phasellus:
604 838 710 897 ultima
730 856 770 897 ex
791 837 905 913 origiue

348 925 400 976 tuo
421 918 541 978 stetisse
563 918 637 977 dicit
656 917 688 976 iu
708 917 880 990 cacumine,

349 1005 401 1057 tuo
421 998 566 1058 imbuisse
586 998 736 1075 palmulas
755 998 787 1056 in
807 1015 951 1074 aequore,

348 1084 379 1137 et
398 1078 470 1137 inde
488 1083 534 1137 tot
554 1097 609 1154 per
628 1077 805 1154 impotentia
824 1078 901 1136 fieta

349 1176 435 1217 erum
455 1158 575 1232 tulisse,
595 1158 681 1218 laeva
702 1158 766 1217 sive
786 1158 911 1216 dextera

291 1238 328 1297 20
349 1238 454 1297 citaret
474 1257 561 1311 aura,
583 1238 647 1298 sive
667 1243 830 1314 utrumque
850 1237 967 1313 Iupiter

349 1318 439 1376 simul
460 1318 612 1377 secundus
631 1317 790 1378 incidisset
809 1316 841 1375 iu
860 1317 985 1394 pedem;

346 1416 445 1475 neque
464 1398 528 1457 ulla
547 1403 617 1457 vota
636 1397 805 1457 litoralibus
825 1397 891 1456 deis

349 1478 405 1538 sibi
426 1496 493 1538 esse
513 1478 609 1552 facta,
630 1496 699 1537 cum
719 1476 836 1537 veniret
855 1496 873 1535 a
894 1476 986 1536 marei

347 1558 509 1617 novissimo
524 1559 605 1617 hunc
620 1557 769 1635 adusque
783 1557 943 1634 limpidum
956 1557 1063 1616 lacum.

290 1639 329 1696 25
350 1644 397 1696 set
415 1638 490 1697 haee
510 1638 595 1715 prius
615 1638 716 1697 fuere:
738 1655 819 1696 nunc
838 1637 992 1696 recondita

349 1725 433 1777 senet
453 1718 554 1795 quiete
576 1735 668 1795 seque
689 1717 809 1777 dedicat
829 1716 898 1790 tibi,

348 1797 475 1873 gemelle
498 1798 602 1857 Castor
622 1803 653 1857 et
673 1797 802 1873 gemelle
823 1796 963 1857 Castoris.

615 1978 723 1987 .-

628 2100 710 2159 XIV.

140 2253 223 2304 Gaius
248 2255 366 2304 Licinius
391 2253 487 2304 Calvus
512 2252 582 2317 (geb.
604 2253 637 2304 82
660 2271 684 2306 v.
708 2253 783 2318 Chr,
809 2259 874 2319 gest
900 2251 963 2303 vbbr
985 2250 1044 2316 46),
1069 2252 1174 2302 dichter
1195 2267 1229 2301 eu

109 2322 248 2385 redenaar,
271 2336 305 2370 en
329 2336 378 2370 eeu
402 2327 477 2386 grcot
500 2322 592 2371 vrieud
609 2336 660 2371 van
678 2321 816 2385 Catullus,
841 2322 892 2371 had
910 2322 973 2370 hem
990 2321 1030 2369 als
1046 2320 1179 2384 geschenk
1196 2334 1230 2381 op

109 2433 270 2443 —--.

109 2495 294 2559 gebocrteland
313 2496 362 2544 uit.
381 2520 414 2530 -
430 2492 457 2546 8.
480 2496 673 2558 Thraciam,
691 2497 742 2545 adi.
760 2496 794 2560 bij
814 2496 980 2559 Propontida.
993 2520 1026 2529 -
1039 2492 1067 2545 ΙΙ.
1085 2500 1230 2556 comata,

108 2577 181 2612 coma
199 2578 230 2606 =
248 2563 335 2625 frons,
362 2562 411 2611 dus
436 2563 572 2623 frondosa3
600 2562 689 2612 Horat.
715 2561 762 2612 Od.
786 2563 812 2625 l,
835 2561 882 2625 14,
904 2561 952 2612 u:
978 2562 1100 2625 quamvis
1122 2561 1231 2611 Pontica

109 2629 199 2692 pinus,
222 2630 305 2678 silvae
322 2628 378 2677 tilia
395 2629 498 2679 numlis.
516 2656 550 2664 -
567 2630 604 2678 De
622 2628 772 2693 Cytorus
789 2644 865 2678 mons
882 2627 923 2690 (of
937 2627 1037 2693 Cytorii
1054 2627 1169 2687 montes)
1186 2630 1230 2692 lag

108 2695 135 2744 in
157 2696 339 2760 Paphlagonia
355 2695 391 2759 bij
410 2696 442 2745 de
459 2696 647 2761 gelijlrnamige
665 2697 723 2745 stad
742 2711 777 2744 en
793 2711 848 2744 was
865 2695 916 2760 rijk
934 2696 1057 2759 begroeid
1075 2699 1131 2744 met
1147 2695 1230 2745 bulis·

108 2761 233 2825 beomen,
251 2777 301 2811 een
320 2763 552 2826 plantengeslaeht
568 2768 625 2812 met
641 2762 717 2827 altijd
734 2777 831 2826 groene
847 2762 973 2811 bladeren
991 2778 1025 2811 en
1042 2767 1161 2811 verwaut
1176 2767 1232 2811 met

109 2828 139 2878 de
162 2844 260 2894 groene
278 2830 438 2892 palmstruik
457 2829 497 2878 uit
514 2844 578 2879 onze
595 2830 698 2878 tuiuen.
717 2856 750 2863 -
767 2825 803 2880 13.
827 2828 1010 2892 Amastris,
1032 2842 1098 2877 eene
1115 2829 1229 2891 Paphla-

109 2897 233 2957 gonische
258 2896 371 2945 zeestad.
388 2921 423 2930 —
440 2892 476 2946 l8.
501 2896 724 2959 impotentia,
747 2896 790 2944 die
813 2896 869 2945 rich
894 2898 983 2945 zelven
1001 2896 1057 2944 niet
1074 2895 1230 2958 bedwingen

110 2961 233 3026 kunnan,
256 2963 391 3012 woeolend.
409 2988 443 2997 -
461 2959 497 3013 19.
523 2978 617 3012 erum
640 2963 670 3011 oi
690 2962 810 3011 herum
833 2967 906 3012 meet
924 2965 974 3012 wel
992 2977 1024 3024 op
1042 2961 1164 3011 Catullus
1181 2963 1234 3011 zelf

108 3030 194 3091 slaan,
218 3028 315 3078 andeis
338 3029 412 3078 heeft
434 3030 482 3079 het
503 3031 612 3092 geheeie
635 3029 768 3093 gedichtje
785 3030 883 3093 weiuig
899 3031 949 3079 zin.
966 3055 1000 3063 -
1016 3024 1062 3079 2⁰.
1087 3028 1230 3090 citaret,

109 3096 137 3145 in
154 3097 290 3158 bewepiup
307 3102 390 3156 zette;
413 3096 486 3146 codd.
504 3102 657 3159 vocaret,
680 3101 734 3146 wat
750 3097 807 3145 niet
824 3097 890 3159 goed
907 3097 960 3145 lan
979 3095 1044 3160 zijn,
1061 3094 1112 3143 oola
1129 3094 1186 3143 niet
1202 3096 1229 3143 in

109 3161 158 3211 deu
179 3163 221 3211 zin
240 3177 292 3211 van
310 3163 369 3211 ziela
385 3163 552 3227 auubicden,
576 3178 621 3212 zoe
638 3163 680 3211 die
697 3163 819 3212 bestond.
844 3163 901 3226 Vgl.
919 3161 1009 3213 Seuec.
1027 3159 1229 3210 Phaenarete

109 3229 275 3278 citatas..
291 3234 392 3279 rates
415 3254 449 3263 -
472 3230 606 3292 Iupiter
630 3227 675 3279 zob
698 3229 731 3278 de
754 3230 841 3292 codd,
868 3230 892 3279 d.
915 3230 932 3278 i.
955 3233 1088 3279 uentus.
1114 3228 1229 3277 Ennius:

109 3294 315 3359 luppiter..qui
333 3301 430 3345 uentus
447 3301 533 3345 estet
550 3296 648 3360 nubes,
666 3295 752 3345 imber
769 3301 867 3359 postea.
884 3321 918 3330 -
935 3293 971 3346 21.
994 3301 1179 3358 utrumque
1196 3296 1230 3344 in

110 3364 237 3423 pedem:
262 3362 364 3424 pedes
387 3362 438 3427 zijn
462 3363 495 3411 de
517 3368 639 3427 tcuwen,
662 3364 812 3411 waarmede
836 3364 868 3411 de
891 3362 1028 3412 uiteinden
1049 3377 1100 3410 van
1118 3362 1165 3411 het
1181 3363 1230 3411 zeil

109 3430 212 3478 werden
230 3429 405 3492 aaugehaald.
423 3429 485 3478 Hier
502 3434 573 3479 staat
589 3444 646 3492 pes
663 3444 726 3479 voor
742 3430 800 3479 zell.
812 3455 844 3463 -
857 3427 902 3480 22.
920 3428 1127 3479 litoralibus
1145 3429 1229 3492 deiS‚

110 3496 147 3544 als
162 3496 295 3558 Phorcus,
313 3494 445 3559 Glaucus,
463 3496 588 3559 Proteus,
605 3497 697 3545 Triton
714 3511 784 3559 cuz,
803 3497 867 3545 wier
884 3497 996 3559 tempels
1014 3496 1042 3545 oi
1054 3496 1166 3545 beeldeu
1179 3511 1229 3545 aau

109 3561 153 3611 het
175 3563 267 3612 strand
292 3563 420 3611 stonden:
445 3577 490 3612 zoe
513 3563 562 3612 oolr
588 3562 681 3612 Castor
703 3578 737 3612 en
758 3563 865 3626 Pollux,
889 3578 926 3612 vs.
943 3562 983 3612 27.
1002 3589 1034 3597 -
1050 3558 1095 3613 26.
1119 3568 1230 3613 senet:

108 3643 213 3692 seuere,
231 3630 285 3678 oud
301 3628 368 3693 zijra,
386 3644 508 3679 waarvan
527 3631 573 3679 het
589 3631 706 3680 inchoat.
723 3644 872 3693 senescere,
891 3630 979 3692 lomt,
996 3629 1108 3679 behalve
1122 3645 1154 3692 op
1167 3630 1229 3678 deze

109 3696 205 3755 plaats.
234 3698 322 3745 alleen
352 3695 388 3760 bij
419 3710 478 3745 zeer
503 3697 572 3746 oude
598 3696 737 3761 sehriJ'vers
763 3711 838 3746 voor:
870 3697 1000 3746 Pacuuius
1024 3696 1087 3759 275,
1113 3695 1171 3745 eol.
1196 3721 1230 3730 -

107 3758 151 3812 27.
176 3760 319 3812 Castorea
337 3763 446 3826 Pollux,
469 3762 501 3811 de
519 3763 700 3812 beschermers
718 3764 765 3813 der
782 3764 964 3826 zeevaarderS,
985 3778 1074 3812 waren
1092 3764 1131 3812 als
1147 3768 1229 3812 twee-

108 3827 285 3891 lingbroeders
311 3844 357 3879 zoo
383 3844 464 3879 uauw
489 3830 654 3894 verbonden,
680 3830 727 3879 dat
752 3830 846 3894 „ambo
872 3831 984 3879 licenter
1009 3835 1036 3878 et
1059 3828 1180 3878 Castores
1202 3833 1231 3877 et

107 3893 226 3946 Polluces
241 3896 396 3947 vocantur.’'
