2850 4409
170 1148 248 1196 Inter
271 1160 363 1194 omnes
387 1146 455 1195 viros
472 1145 563 1194 doctos
580 1150 608 1194 et
624 1159 714 1193 rerum
733 1144 950 1193 scholasticarum
969 1144 1067 1207 peritos
1084 1158 1146 1192 cum
1164 1147 1274 1193 constet

136 1266 263 1316 assiduae
287 1265 313 1314 in
332 1266 507 1329 grammatica
523 1265 705 1314 exercitationi
723 1265 878 1328 praesertim
896 1264 924 1313 in
941 1263 1273 1327 superioribusolassibus

136 1388 293 1437 scholarum
318 1387 404 1450 magis
420 1401 502 1450 quam
520 1389 599 1450 vulgo
618 1386 666 1435 siat
682 1386 807 1436 accedere
824 1386 920 1434 debere
937 1387 1016 1435 aliam
1035 1385 1272 1448 exercitationem,

137 1524 209 1573 quae
227 1509 255 1557 in
273 1507 380 1570 optimis
397 1507 569 1571 scriptoribus
587 1513 710 1556 accurate
728 1513 756 1556 et
772 1508 915 1571 diligenter
931 1512 959 1556 et
976 1507 1131 1570 frequenter
1147 1506 1273 1568 legendis

136 1633 274 1692 versetur,
297 1643 351 1677 non
374 1628 471 1677 inutile
495 1628 586 1691 putari
610 1609 691 1678 novos
714 1628 803 1677 fontes
825 1629 926 1691 aperire
949 1628 1084 1691 discipulis
1101 1628 1212 1691 nostris,
1235 1631 1273 1675 ut.

138 1749 246 1798 illorum
259 1748 341 1797 etiam
354 1754 492 1812 poetarum
506 1748 665 1812 latinorum,
685 1763 800 1811 quorum
813 1763 892 1811 opera
903 1753 960 1797 tota
971 1749 1003 1797 iis
1015 1763 1068 1797 non
1081 1752 1273 1811 suppeterent,

139 1868 375 1930 praestantissimis
401 1868 564 1918 carminibus
590 1836 799 1918 delectarentirrs
822 1868 863 1918 Ne
885 1874 976 1918 tamen
999 1882 1090 1917 rerum
1113 1868 1268 1931 ignotarum

138 1989 315 2038 multitudine
339 1989 539 2038 deterrerentur
561 1990 706 2053 quominus
729 1994 757 2038 et
773 1989 823 2052 ipsi
839 1989 950 2052 legendo
968 2003 996 2037 se
1013 1992 1167 2037 exercerent
1184 1992 1272 2050 atque

138 2108 302 2171 gauderent,
326 2109 397 2158 notis
415 2109 481 2157 haec
498 2108 615 2158 carmina
631 2109 765 2158 illustrari
782 2109 886 2171 paucis,
910 2122 980 2171 quae
998 2122 1058 2170 pars
1074 2106 1194 2169 opusculi
1212 2120 1270 2154 non

138 2228 192 2277 fuit
215 2229 351 2277 facillima.
379 2228 448 2278 Nam
474 2243 535 2277 cum
562 2230 649 2292 longis
676 2229 833 2292 ambagibus
856 2234 884 2277 et
906 2229 996 2277 minus
1019 2226 1173 2275 necessariis
1196 2226 1272 2274 notis

140 2362 247 2410 parcere
278 2349 390 2411 vellem,
422 2352 514 2396 tamen
540 2349 688 2397 cavendum
714 2354 772 2397 erat
797 2363 831 2397 ne
857 2353 962 2412 propter
987 2348 1101 2397 nimium
1128 2348 1272 2397 brevitatis

138 2469 260 2518 studium
278 2484 321 2519 res
339 2484 408 2532 quae
425 2470 614 2533 discipulorum
633 2484 713 2519 causa
730 2470 1082 2533 explanandaevriderentur
1094 2447 1268 2533 praeterirem

141 2592 181 2639 vel
204 2590 331 2639 obscuras
353 2591 540 2654 relinquerem.
564 2591 637 2640 Inter
656 2592 724 2640 lianc
741 2590 857 2655 Scyllam
876 2597 904 2640 et
920 2590 1083 2655 Charybdim
1101 2606 1144 2640 me
1161 2605 1273 2654 semper

140 2713 243 2760 salvum
261 2712 313 2761 iter
330 2711 424 2760 fecisse
441 2710 573 2760 affirmare
591 2726 643 2761 non
662 2712 763 2774 ausim,
782 2713 827 2761 sed
845 2713 889 2761 alii
907 2711 1032 2761 iudicent.

173 2833 203 2882 ln
227 2833 391 2883 carminibus
414 2835 596 2883 carminumve
620 2835 740 2897 partibus
763 2835 911 2898 selegendis
931 2839 1039 2883 secutus
1056 2850 1116 2883 sum
1133 2835 1268 2883 rationem

143 2955 222 3003 banc:
247 2954 365 3017 primum
389 2954 461 3003 enim
485 2969 516 3004 ea
539 2969 608 3018 quae
632 2956 719 3004 forma
735 2961 763 3004 et
780 2961 938 3019 argumento
956 2961 1090 3019 praestare
1107 2955 1173 3004 mihi
1192 2956 1271 3004 vide-

141 3073 238 3124 bantur
261 3077 366 3140 notavi3
390 3076 486 3125 deinde
509 3091 571 3125 cum
594 3077 689 3125 horum
715 3092 845 3126 numerus
868 3077 952 3126 maior
976 3082 1046 3126 esset
1068 3092 1149 3140 quam
1172 3078 1268 3141 quiin

141 3195 206 3246 libro
223 3212 306 3260 quem
323 3198 391 3247 mihi
403 3198 571 3247 scribendum
585 3199 777 3261 proposuissem
791 3198 903 3248 describi
916 3203 1035 3261 possent,
1052 3198 1156 3247 omissis
1169 3199 1271 3261 puerili

142 3318 222 3366 aetati
247 3319 338 3367 minus
362 3319 567 3368 accommodatis
590 3334 621 3368 ea
645 3319 741 3382 selegi,
767 3333 836 3382 quae
858 3319 891 3367 ad
917 3324 1022 3382 poetam
1040 3319 1129 3368 ciusve
1147 3324 1264 3370 aetatem

141 3440 347 3501 cognoscendam
365 3439 462 3489 idonea
478 3445 608 3502 putarem.
627 3439 754 3489 Ceterum
772 3440 890 3504 singulos
904 3446 995 3504 poetas
1009 3446 1159 3503 temporum
1172 3442 1271 3491 ordine·

142 3565 241 3607 serrato
265 3559 397 3621 disposui;
421 3558 454 3607 ad
477 3559 666 3621 discipulorum
691 3563 809 3608 aetatem
832 3564 994 3622 captumque
1017 3560 1123 3623 singula
1146 3562 1272 3610 carmina>

142 3681 270 3741 gradatim
289 3681 413 3730 ordinare
430 3694 655 3743 supervacaneum
675 3680 814 3728 ridebatur
830 3686 858 3728 et
872 3681 1021 3731 doctoribus
1033 3682 1269 3730 committendum,
