2850 4409
737 137 793 195 176

401 326 471 379 ante
492 320 571 379 diem
592 338 704 396 poenae
725 323 805 398 quod
827 322 942 398 periere
963 326 1061 382 meae!

362 417 410 458 me
432 418 551 477 quoque
571 401 707 474 felicem,
729 403 811 478 quod
831 420 889 460 non
910 402 1080 462 viventibus
1100 403 1162 462 illis

402 497 469 538 sum
489 479 595 554 miser,
616 482 705 540 etde
726 500 774 540 me
795 482 875 558 quod
896 482 1018 541 doluere
1037 483 1122 542 nihil.

302 560 341 617 85
363 559 388 617 si
409 564 508 618 tamen
529 560 687 619 exstinctis
709 561 822 638 aliquid
844 562 903 620 nisi
923 562 1042 620 nomina
1063 569 1169 636 restat,

402 645 433 698 et
452 640 572 714 gracilis
593 647 723 700 structos
743 642 849 717 effugit
869 644 973 701 umbra
994 660 1094 718 rogos:

361 720 453 788 fama,
474 721 657 796 parentales,
680 721 704 779 si
727 739 779 779 vos
801 740 866 780 mea
887 723 1025 798 contigit,
1047 725 1181 796 umbrae,

401 806 432 859 et
454 801 575 858 suntin
596 801 701 876 Stygio
722 802 847 860 crimina
866 809 967 860 nostra
986 803 1065 862 foro:

362 879 450 951 scite,
471 898 590 956 precor,
611 899 730 940 cerream
752 883 820 957 (nec
839 900 892 940 vos
913 882 986 941 mihi
1007 883 1111 941 tallere
1131 884 1177 941 las
1198 885 1255 953 est)

300 959 340 1016 90
401 978 529 1018 errorem
551 960 665 1034 iussae,
686 980 745 1020 non
767 962 880 1035 seclae,
902 980 969 1021 esse
988 963 1085 1038 fugae.

362 1040 498 1098 manibus
518 1041 574 1099 hoc
595 1041 668 1099 satis
688 1048 743 1100 est.
765 1042 802 1099 ad
824 1059 891 1115 voe,
914 1043 1062 1115 studiosa,
1084 1049 1232 1114 revertor,

400 1126 535 1195 pectora,
557 1121 608 1197 qui
632 1121 708 1180 vitae
730 1122 873 1198 quaeritis
894 1129 959 1180 acta
980 1141 1071 1181 meae.

361 1199 420 1257 iam
443 1200 515 1258 mihi
536 1201 661 1260 canities
681 1201 778 1277 pulsis
801 1202 972 1261 melioribus
992 1203 1078 1261 annis

401 1286 538 1352 venerat,
559 1281 698 1357 antiquas
720 1281 939 1358 miscueratque
960 1300 1073 1355 comae,

299 1359 341 1416 95
361 1365 489 1436 postque
510 1378 592 1419 meos
613 1369 696 1419 ortus
718 1361 823 1420 Pisaea
844 1362 964 1420 vinctus
985 1362 1063 1421 oliva

401 1440 565 1499 abstulerat
585 1440 685 1500 decies
705 1442 837 1517 praemia
857 1442 955 1500 victor
975 1460 1082 1519 equae,

333 1595 335 1600 ,
361 1538 429 1577 cum
450 1520 541 1578 maris
561 1521 673 1580 Euxini
693 1522 807 1598 positos
827 1522 865 1581 ad
886 1522 970 1581 laeva
992 1522 1122 1580 Tomitas

402 1618 544 1676 quaerere
564 1619 613 1659 me
632 1601 706 1660 laesi
728 1601 872 1678 principis
892 1602 936 1661 ira
957 1603 1047 1661 iubet.

359 1697 450 1738 causa
470 1698 554 1739 meae
574 1681 690 1740 cunctis
710 1681 837 1740 nimium
858 1700 976 1759 quoque
996 1688 1065 1741 nota
1086 1682 1209 1741 ruinae

283 1759 340 1817 100
401 1759 512 1818 indicio
532 1779 591 1819 non
612 1767 659 1820 est
680 1761 867 1820 testificanda
889 1781 962 1821 meo.

361 1840 434 1916 quid
448 1841 573 1898 referam
588 1841 791 1918 comitumque
804 1843 888 1900 nefas
902 1842 1088 1919 famulosque
1103 1844 1257 1901 nocentes?

400 1920 467 1995 ipsa
488 1920 581 1979 multa
602 1921 657 1980 tuli
679 1940 738 1980 non
758 1922 869 1981 leviora
890 1922 969 1997 tuga

360 1999 513 2075 indignata
535 2001 621 2058 malis
642 2020 727 2060 mens
747 2009 794 2060 est
815 2004 1023 2075 succumbere,
1046 2020 1137 2078 seque

401 2080 550 2156 praestitit
570 2080 726 2155 invictam,
748 2082 861 2140 viribus
882 2100 936 2141 usa
957 2082 1028 2140 suis.

283 2159 340 2217 loo
362 2160 531 2236 oblitusque
552 2161 610 2220 mei
632 2161 800 2238 ductaeque
820 2180 875 2238 per
895 2162 953 2220 otia
974 2162 1067 2235 vitae,

400 2240 520 2299 insolita
541 2242 606 2317 cepi
627 2243 771 2318 temporis
791 2261 873 2300 arma
893 2260 991 2300 manu.

361 2325 464 2397 totque
485 2321 540 2378 tuli
562 2339 649 2380 castis
669 2322 776 2397 pelago
797 2331 949 2398 terraque,
971 2331 1044 2399 quot
1064 2322 1142 2381 inter

400 2401 550 2458 occultum
574 2402 678 2460 stellae
692 2402 954 2479 ,conspicuumque
975 2403 1084 2478 polum.

200 2555 363 2562 ——..—.

234 2651 281 2705 84.
306 2668 377 2703 suun
397 2654 512 2716 miser,
537 2655 568 2703 de
585 2655 681 2704 Tristia
699 2656 750 2719 zijn
768 2662 794 2703 te
811 2655 886 2704 Tomi
904 2656 931 2704 in
949 2656 981 2704 de
1001 2656 1179 2719 ballingschap
1197 2654 1311 2717 gesolue·

201 2737 258 2771 ven.
271 2717 361 2771 -90,
380 2736 635 2771 errorem..uon
653 2723 782 2785 scelus,
800 2722 838 2770 zie
855 2722 932 2771 Trist.
950 2723 976 2785 l,
993 2721 1023 2784 3,
1038 2721 1078 2771 38.
1091 2719 1182 2773 -05,
1200 2723 1309 2771 Pisaea

200 2790 304 2838 oliva:
321 2789 354 2836 de
372 2787 527 2852 olljfkrans,
545 2790 693 2838 waarmede
711 2790 744 2837 de
756 2790 950 2838 overwinnaars
962 2790 991 2837 in
1004 2790 1035 2837 de
1048 2788 1217 2853 Olympisohe
1229 2791 1309 2850 speleu

201 2862 228 2905 te
253 2857 327 2905 Pisae
350 2855 376 2903 in
401 2855 453 2905 Elis
479 2857 583 2904 werden
604 2855 744 2905 bekransd.
771 2856 840 2905 Daar
863 2856 895 2904 de
919 2854 1088 2919 Olympische
1112 2858 1202 2919 speleu
1224 2855 1309 2919 quinto

201 2938 308 2986 quoque
326 2936 395 2971 anno
413 2923 518 2985 gevierd
536 2922 655 2982 werden,
674 2927 765 2971 neemt
781 2920 890 2971 Ovidius
907 2923 935 2971 in
951 2923 1002 2971 den
1014 2923 1160 2986 volgenden
1172 2924 1242 2986 rogel
1253 2934 1310 2970 eene

197 2991 350 3054 olympiade
373 3003 435 3038 voor
458 3004 506 3037 een
530 2988 578 3053 tijd
602 3004 652 3037 van
675 2989 724 3052 vijt
737 2990 828 3053 jaren,
850 2992 957 3038 evenals
975 3004 1024 3038 een
1042 2991 1172 3053 lustrum,
1195 2989 1309 3038 ofschoou

201 3072 266 3106 eene
290 3057 440 3120 olympiade
463 3056 562 3105 sleohts
579 3057 635 3104 vier
648 3056 725 3118 jaren
742 3070 804 3105 was.
831 3055 880 3105 Zoo
898 3061 957 3117 zegt
973 3056 1010 3120 hij
1029 3056 1065 3105 Ex
1084 3056 1168 3106 Ponto
1185 3054 1309 3119 1V,o,5:

202 3126 244 3187 „in
268 3122 378 3186 Scythia
395 3123 470 3172 nobis
487 3123 669 3185 quinquennis
686 3123 816 3184 olympias
832 3127 891 3172 acta
908 3123 973 3171 est.’'
999 3122 1039 3186 Hij
1059 3129 1118 3186 zegt
1135 3124 1193 3172 hier
1209 3123 1257 3171 dus
1271 3122 1309 3169 dat
1392 3133 1393 3136 ¹

202 3191 238 3254 hij
257 3190 290 3239 50
304 3191 363 3252 joar
380 3205 447 3252 was,
465 3194 527 3238 toen
546 3189 581 3252 bij
599 3190 751 3238 verbannen
764 3190 842 3238 werd.
856 3215 888 3224 -
901 3187 947 3240 98.
965 3189 1053 3238 laesi
1070 3190 1249 3253 principis,
1265 3188 1309 3248 agl.

200 3258 277 3306 Trist.
301 3258 325 3319 Ι,
343 3255 373 3319 3,
391 3255 430 3305 37.
449 3252 544 3306 -99,
568 3270 670 3305 causa
686 3293 707 3305 ..
724 3256 1007 3306 cunctis..notn:
1031 3255 1094 3305 toch
1112 3257 1134 3305 is
1152 3256 1182 3321 zij
1201 3256 1310 3305 onsuiet

201 3324 397 3387 orergeleverd3
415 3323 457 3388 wij
478 3328 563 3372 weten
582 3337 611 3371 er
628 3324 697 3372 niets
715 3337 788 3371 meer
804 3337 854 3371 van
873 3323 924 3372 dan
938 3321 1047 3371 Ovidius
1059 3324 1112 3371 zeli
1122 3323 1272 3372 mededeelt.
1283 3344 1310 3353 -

201 3387 248 3440 101.
270 3391 504 3453 comitumque
522 3390 633 3439 nefas:
652 3391 691 3438 dit
708 3389 806 3454 schijut
823 3396 849 3438 te
867 3390 961 3439 doelen
978 3404 1011 3453 op
1028 3389 1178 3453 bewakers,
1195 3391 1236 3439 die
1252 3388 1310 3448 Aug.

197 3459 240 3505 als
257 3457 358 3519 geleide
376 3457 488 3518 meegaf.
506 3483 539 3491 ·-
558 3452 611 3506 103,
631 3457 815 3519 indignata
831 3461 896 3506 est:
916 3457 989 3505 nield
1007 3457 1051 3506 het
1066 3471 1130 3505 voor
1146 3456 1310 3515 onwcardiy,

202 3524 279 3571 roildc
296 3524 359 3571 utet.
377 3548 411 3557 -
428 3519 482 3574 106.
507 3524 675 3586 temporis
699 3538 804 3585 arma,
828 3524 861 3572 de
877 3538 1020 3585 wapeneu,
1038 3523 1083 3572 die
1099 3524 1133 3572 de
1152 3522 1200 3587 tijd
1216 3538 1268 3572 aaa
1283 3521 1312 3567 de

202 3590 275 3638 bunut
292 3589 366 3650 peeft
382 3604 424 3638 om
443 3605 503 3652 zorg
520 3606 554 3638 en
571 3591 687 3639 verdriet
704 3597 731 3638 te
749 3589 906 3654 bestrijden‚
928 3589 1055 3654 namelijk
1073 3590 1223 3654 bezigheid,
1240 3587 1311 3637 werk.
1391 3613 1392 3626 r

201 3657 238 3706 De
263 3661 363 3704 natuur
383 3670 434 3703 ran
452 3654 561 3706 Ovidius
579 3658 672 3720 neigde
691 3658 755 3705 daur
772 3657 828 3704 niet
845 3661 902 3719 tue,
920 3658 970 3720 vgl.
989 3672 1025 3705 vs.
1043 3654 1090 3715 373
1114 3657 1220 3706 daarom
1237 3659 1312 3705 moest

201 3723 237 3786 bij
258 3737 293 3770 nu
312 3722 368 3771 zich
387 3724 477 3771 zeluen
495 3728 620 3786 vergeten
638 3739 670 3773 en
689 3725 736 3772 bet
753 3725 830 3771 leven
845 3723 892 3772 dat
905 3723 940 3787 hij
955 3723 1051 3772 zonder
1062 3724 1156 3787 eenige
1169 3720 1312 3785 ambtelijke

200 3789 362 3853 bezigheden
386 3787 456 3849 (per
478 3788 561 3850 otia)
585 3791 635 3839 bad
660 3790 864 3853 doorgebracht;
889 3805 925 3839 nu
949 3790 1025 3839 zocbt
1043 3789 1079 3854 hij
1098 3791 1127 3839 in
1144 3787 1312 3840 uerdnbbelde

198 3856 410 3904 werkzaamheid
428 3861 525 3916 troost3
544 3858 581 3905 zie
599 3873 635 3904 us.
653 3855 702 3904 ll2
720 3872 753 3905 en
771 3856 828 3905 114.
846 3882 880 3890 -
897 3852 953 3907 108.
971 3853 1311 3917 occultum..couspi·
