2850 4409
721 186 778 244 178

626 425 686 483 EX
717 423 868 485 ΡΟΝΤΟ

653 624 734 684 Libr.
749 624 802 698 IV,
818 626 845 683 5.

566 830 606 870 AD
630 829 748 870 SEXTUM
768 828 929 869 Pourmuu.

345 989 407 1063 Ite,
427 990 511 1049 leves
531 989 625 1065 elegi,
646 989 749 1048 doctas
768 989 808 1047 ad
829 989 962 1068 consulis
982 1007 1086 1064 aures,

385 1071 535 1146 verbaque
555 1070 697 1128 honorato
718 1070 794 1128 ferte
814 1069 943 1144 legenda
963 1069 1034 1128 viro.

345 1150 435 1225 longa
454 1149 503 1207 via
523 1155 585 1223 est,
605 1167 662 1208 neo
682 1166 736 1208 vos
756 1149 885 1225 pedibus
905 1149 1070 1225 proceditis
1089 1149 1195 1226 aequis

385 1233 525 1305 tectaque
545 1228 672 1288 brumali
695 1230 750 1288 sub
770 1228 840 1289 nive
861 1234 941 1289 terra
960 1230 1043 1288 latet.

307 1310 325 1369 5
345 1327 413 1369 oum
434 1309 566 1385 gelidam
587 1308 721 1368 Thracen
742 1313 774 1368 et
793 1314 931 1385 opertum
950 1309 1079 1369 nubibus
1101 1309 1250 1369 Haemum

385 1394 417 1449 et
436 1389 527 1449 maris
547 1388 625 1447 Ionii
645 1388 825 1449 transieritis
845 1407 952 1466 aquas,

345 1470 413 1528 luce
433 1468 534 1527 miuus
555 1468 671 1528 decima
691 1468 842 1527 dominam
862 1469 990 1529 venietis
1009 1468 1042 1527 in
1061 1469 1188 1543 Urbem,

386 1554 420 1608 ut
439 1548 614 1608 festinatum
634 1567 695 1608 nou
713 1548 830 1608 faciatis
850 1549 917 1609 iter.

334 1629 482 1707 'protinus
495 1628 573 1687 'inde
594 1629 700 1688 domus
721 1628 805 1688 vobis
826 1628 968 1705 Pompeia
987 1634 1122 1705 petatur:

287 1710 325 1770 10
385 1727 445 1768 nou
465 1714 512 1767 est
532 1711 670 1784 Augusto
689 1708 820 1768 iunctior
839 1709 902 1767 ulla
921 1709 993 1768 foro.

346 1788 457 1867 siquis,
478 1793 512 1847 ut
532 1788 564 1846 in
584 1790 710 1865 populo,
731 1788 784 1865 qui
804 1788 871 1847 sitis
892 1794 923 1849 et
943 1790 1038 1863 unde,
1059 1788 1207 1866 requiret,

384 1868 505 1938 nomina
525 1868 653 1944 decepta
674 1868 826 1945 quaelibet
845 1887 918 1928 aure
937 1869 1022 1929 ferat.

344 1954 380 2009 ut
400 1949 441 2008 sit
460 1948 541 2008 enim
561 1954 676 2022 tutum,
698 1948 777 2007 sicut
797 1967 864 2008 reor
883 1966 966 2022 esse,
987 1948 1090 2023 fateri,

385 2030 476 2089 verba
496 2028 596 2087 minus
616 2033 697 2088 certe
718 2030 788 2087 ficta
809 2028 925 2088 timoris
945 2030 1063 2088 habent.

287 2110 324 2169 15
345 2109 430 2186 copia
450 2127 506 2168 neo
526 2108 611 2167 vobis
631 2108 714 2167 nulio
734 2108 911 2184 prohibente
930 2108 1054 2168 videndi

385 2188 532 2260 consulis,
553 2194 587 2247 ut
607 2188 700 2248 limen
720 2188 919 2263 contigeritis,
940 2188 1005 2247 erit.

344 2274 396 2328 aut
417 2273 502 2344 reget
521 2268 573 2328 ille
595 2285 665 2328 suos
686 2268 813 2327 diceudo
833 2268 900 2328 iura
919 2267 1066 2342 Quirites,

385 2348 582 2425 conspicuum
603 2348 698 2423 signis
719 2367 788 2408 cum
808 2353 924 2425 premet
944 2348 1024 2407 attus
1044 2350 1133 2407 ebur:

344 2434 397 2488 aut
416 2428 520 2505 populi
540 2428 656 2488 reditus
676 2428 805 2505 positam
825 2433 982 2504 componet
1002 2428 1040 2486 ad
1060 2429 1193 2502 hastam,

219 2633 235 2687 Ι.
259 2637 296 2685 De
314 2636 421 2685 brieven
438 2650 476 2685 ex
494 2637 600 2685 Ponto
618 2636 669 2701 zijn
686 2651 737 2685 een
755 2639 860 2701 vervolg
876 2651 909 2700 op
926 2637 959 2685 de
975 2637 1078 2685 Tristia
1101 2636 1168 2685 Deze
1185 2636 1257 2686 brief
1272 2638 1308 2701 is,

184 2703 291 2752 evenals
314 2702 408 2766 eenige
430 2703 541 2766 andere,
565 2703 667 2766 gericht
690 2717 740 2752 aan
764 2702 861 2753 Sextus
883 2704 1035 2768 Pompeius,
1058 2703 1101 2752 die
1118 2704 1146 2753 in
1165 2704 1185 2752 't
1203 2703 1258 2753 ‘aar
1274 2704 1308 2753 14

185 2785 210 2819 n.
229 2768 290 2818 Chr.
308 2771 401 2818 consul
419 2783 473 2818 was
490 2784 524 2818 en
541 2774 582 2819 tot
599 2770 630 2818 de
648 2770 775 2819 vrienden
793 2785 844 2820 van
861 2768 970 2820 Ovidius
986 2770 1126 2820 behoorde.
1145 2796 1178 2805 -
1195 2721 1221 2821 i.
1246 2770 1306 2820 Pe·

183 2835 285 2885 dibus
307 2836 442 2899 aequis,
467 2838 518 2899 vgl.
541 2837 629 2886 Amor.
653 2836 678 2900 I,
700 2837 731 2898 d,
754 2836 778 2886 4.
802 2862 835 2871 —
858 2833 884 2887 6.
908 2837 1141 2887 transieritis:
1165 2852 1210 2887 zoo
1233 2838 1308 2887 heeft

184 2902 292 2953 Ovidius
321 2915 395 2952 maer
420 2903 470 2953 fut.
496 2909 588 2952 exacta
612 2907 669 2953 met
693 2906 771 2967 lange
798 2899 819 2953 Ι;
852 2904 1037 2967 dederitis,
1068 2903 1177 2954 Metam.
1202 2902 1320 2968 6,·357·

183 2985 217 3019 en
241 2971 269 3019 in
292 2970 354 3019 deze
377 2969 462 3020 relide
483 2970 567 3033 elegie
586 2985 621 3019 vs.
638 2968 672 3018 ib
689 2971 930 3034 contigeriti53
954 2970 1004 3020 ook
1021 2970 1055 3035 bij
1075 2971 1173 3019 andere
1190 2971 1307 3021 dichters

183 3035 259 3086 vindt
281 3052 343 3090 men
366 3037 429 3088 deze
452 3036 599 3100 quantiteit
621 3051 654 3086 en
678 3037 735 3086 niet
758 3038 845 3086 alleen
867 3038 895 3086 in
913 3037 934 3085 ’t
950 3037 1101 3087 tut‘exact.
1119 3052 1193 3086 maar
1209 3038 1261 3087 coh
1279 3038 1306 3085 in

184 3105 231 3153 het
253 3104 318 3167 perf.
336 3103 402 3153 coni.
421 3103 508 3152 activi.
535 3103 565 3154 ln
584 3118 620 3153 vs.
638 3102 820 3153 revendere
838 3105 922 3167 elegis
939 3104 1014 3152 vindt
1031 3118 1093 3152 men
1110 3105 1202 3153 echter
1219 3104 1239 3153 ’t
1256 3104 1305 3154 fut.

184 3174 267 3220 exact.
286 3175 343 3222 met
360 3170 395 3219 de¹
411 3184 520 3234 gewone
537 3169 696 3233 quantiteit:
720 3170 892 3219 dixeritis.
909 3196 943 3205 -
960 3167 986 3220 7.
1009 3172 1088 3220 luce
1111 3171 1226 3220 minus
1248 3171 1306 3219 de·

183 3239 268 3287 cima
287 3238 407 3286 :intra
439 3237 529 3286 decem
559 3238 621 3286 dies.
649 3235 757 3286 Ovidius
783 3238 854 3286 doelt
879 3237 943 3286 hier·
963 3236 1171 3302 klaarhlijkelijk
1197 3253 1230 3302 op
1256 3252 1305 3286 een

183 3309 307 3368 postweg.
325 3329 359 3338 -
376 3299 412 3354 Ιθ.
435 3304 589 3367 Augusto
605 3341 628 3353 ..
644 3304 732 3353 foro:
751 3305 798 3352 het
814 3304 912 3352 Forum
929 3304 1057 3368 Augusti,
1074 3304 1140 3353 door
1156 3304 1224 3368 hug.
1242 3318 1306 3353 aan-

200 3370 276 3434 elegd
294 3375 371 3420 naast
388 3371 435 3420 het
451 3370 549 3420 Forum
567 3371 681 3434 Iulium,
698 3375 745 3419 ten
758 3368 854 3420 N.N.O.
867 3385 918 3419 van
932 3371 979 3420 het
991 3370 1088 3420 Forum
1102 3370 1261 3420 Romanum.
1273 3377 1316 3405 -'

182 3386 219 3488 iz
237 3437 380 3500 decepta
394 3474 399 3486 .
411 3474 416 3486 .
429 3452 524 3487 aure:
543 3438 575 3487 de
592 3451 672 3485 naam
689 3452 740 3486 van
758 3437 810 3486 den
826 3437 951 3487 attender
966 3451 1030 3500 mag
1043 3437 1094 3486 dus
1106 3437 1165 3486 niet
1176 3437 1303 3501 genoemd

182 3503 298 3552 worden.
323 3528 358 3537 -
383 3499 420 3554 18.
452 3504 813 3567 conspicuum..ehur
842 3519 894 3564 van
923 3504 956 3553 de
986 3505 1075 3553 sella
1105 3505 1253 3554 curulis
1273 3528 1306 3538 -

183 3567 219 3621 19.
247 3575 440 3633 componet,
464 3569 501 3633 hij
518 3571 560 3619 zal
576 3571 697 3634 repelare,
720 3572 751 3620 in
767 3570 832 3619 orde
849 3571 981 3633 metopae,
1006 3571 1134 3633 teporem
1158 3571 1192 3620 de
1210 3577 1304 3621 staats·

181 3637 334 3686 inhomsten
357 3637 465 3686 werden
488 3639 614 3699 verpacht
634 3637 698 3686 door
715 3637 767 3686 deu
785 3651 918 3701 censor,
943 3651 1017 3686 mear
1033 3637 1067 3686 de
1083 3638 1192 3688 consuls
1209 3652 1303 3687 namen

182 3717 245 3753 voor
267 3703 306 3752 dit
329 3703 403 3752 werk
426 3702 546 3768 somtijds
569 3704 601 3752 de
624 3706 710 3767 plaats
733 3705 781 3752 der
803 3718 931 3752 censorem
953 3704 982 3752 in
1005 3719 1039 3753 en
1059 3709 1122 3754 toen
1140 3704 1173 3753 de
1191 3710 1306 3755 ceusuur

182 3769 321 3819 verdween
346 3768 409 3832 ging
425 3769 465 3818 dit
482 3772 642 3832 verpachten
659 3769 770 3831 (locare)
787 3770 834 3819 der
850 3770 1002 3819 inhomsten
1020 3785 1053 3833 op
1070 3771 1103 3820 de
1120 3774 1228 3821 consuls
1245 3785 1307 3821 over

181 3837 211 3886 of
226 3850 255 3885 er
272 3835 378 3885 werden
396 3835 544 3900 bijzondere
562 3837 705 3886 beambten
722 3852 785 3887 voor
801 3851 984 3900 nangewezen.
1001 3836 1059 3901 Vgl.
1076 3852 1109 3887 ex
1128 3837 1214 3888 Ponto
1230 3838 1259 3901 4,
1276 3836 1303 3899 9,

182 3902 224 3951 45.
236 3927 270 3937 —
283 3903 430 3952 hastam:
448 3902 481 3951 de
499 3904 576 3952 hasta
592 3904 622 3952 oi
636 3904 694 3953 lans
711 3918 766 3953 was
782 3903 818 3968 hij
835 3904 869 3952 de
886 3903 1034 3953 Romeinen
1051 3905 1099 3953 het
1115 3905 1238 3968 symbool
1254 3917 1303 3952 van
