2850 4409
565 582 598 620 IN
619 582 656 621 DE
677 581 897 621 EENZAAMHEID.

333 742 413 800 Haec
434 749 514 800 certe
535 742 653 800 deserta
673 742 741 799 loca
762 750 792 800 et
812 742 958 800 taciturna
980 743 1130 818 queremi,

372 828 403 880 et
423 840 549 880 vacuum
571 821 702 897 Zephyri
723 822 858 897 possidet
878 840 949 880 aura
969 840 1090 880 nemus:

332 902 381 960 hic
401 902 473 960 iicet
493 902 628 960 occultos
648 903 781 977 proferre
801 902 924 977 impune
946 902 1077 975 doiores7

373 982 399 1039 si
420 982 506 1039 modo
528 982 590 1039 sola
611 989 722 1057 queant
743 999 815 1039 saxa
835 989 937 1040 tenere
958 982 1057 1041 fidem.

294 1064 311 1118 5
333 1061 412 1120 unde
434 1069 501 1120 tuos
521 1061 659 1138 primum
673 1069 820 1137 repetam,
841 1080 906 1119 mea
927 1061 1070 1136 Cynthia,
1091 1050 1207 1119 fastus?

372 1142 452 1217 quod
473 1142 547 1199 mihi
569 1142 750 1211 desiliendi,
773 1141 916 1215 Cynthia,
938 1141 1136 1217 principium?

333 1221 384 1297 qui
405 1222 492 1279 modo
512 1222 618 1280 felices
638 1222 718 1280 iuter
738 1222 914 1280 numerabar
934 1228 1083 1294 amantes,

372 1319 453 1359 nuuc
474 1302 505 1359 iu
527 1319 625 1360 amore
646 1308 697 1359 tuo
719 1320 807 1376 cogor
827 1302 936 1360 habere
957 1310 1065 1359 notam.

332 1381 405 1457 quid
423 1388 539 1439 tautum
558 1382 674 1440 merui?
695 1400 772 1457 quae
789 1390 819 1450 te
838 1381 911 1439 mihi
929 1381 1053 1440 crimina
1072 1383 1207 1439 mutanti>

181 1501 185 1507 -
275 1463 311 1518 to
372 1480 409 1519 an
430 1480 506 1519 nova
527 1461 666 1520 tristitiae
688 1480 780 1520 causa
802 1462 901 1537 puella
922 1464 1011 1524 tuae?
1147 1533 1151 1541 ¹

332 1541 376 1600 sio
397 1541 470 1599 mihi
491 1548 521 1600 te
542 1542 654 1600 referas
674 1542 765 1612 levis,
788 1551 821 1599 ut
841 1560 900 1599 uou
921 1542 1014 1600 altera
1034 1549 1133 1599 nostro

278 1618 280 1621 ’
373 1621 476 1679 limine
496 1622 641 1680 formosos
661 1621 764 1679 intulit
785 1622 846 1679 ulla
868 1622 967 1697 pedes
993 1637 995 1652 ¹

333 1701 469 1777 quamvis
490 1702 584 1759 multa
605 1701 659 1760 tibi
680 1702 765 1759 dolor
786 1702 833 1759 hic
854 1720 939 1759 meus
960 1720 1064 1777 aspera
1084 1701 1188 1771 debet7

373 1782 494 1839 nonita
516 1799 603 1840 saeva
623 1787 722 1839 tamen
744 1782 861 1839 venerit
881 1782 925 1839 ira
946 1799 1035 1853 mea,v

275 1863 311 1919 15
333 1868 366 1919 ut
387 1862 440 1919 tibi
463 1862 520 1920 sim
541 1862 646 1920 merito
668 1879 787 1937 semper
806 1862 888 1919 furor
908 1868 938 1920 et
959 1868 1010 1919 tua
1031 1880 1084 1937 per
1103 1879 1152 1917 me

371 1942 482 1999 lumina
506 1942 630 2000 deiectis
651 1942 750 2016 turpia
772 1941 832 1999 sint
851 1941 991 1998 lacrimis.

332 2039 369 2078 au
391 2021 461 2097 quia
481 2041 571 2098 parva
592 2022 698 2079 damus
720 2028 832 2079 mutato
854 2021 938 2096 sigua
958 2022 1069 2092 calore,

372 2108 403 2159 et
424 2120 481 2158 nou
503 2102 564 2159 ulla
585 2120 650 2160 meo
671 2102 782 2159 clamat
801 2100 832 2158 iu
853 2120 903 2160 ore
924 2101 1018 2159 fides?

333 2200 385 2239 vos
406 2182 490 2239 eritis
511 2189 618 2254 testes,
640 2180 665 2239 si
687 2199 761 2257 quos
783 2182 872 2240 habet
891 2183 977 2239 arbor
997 2198 1126 2250 ardores

211 2311 212 2315 ,
273 2263 310 2319 20
372 2263 458 2336 fagus
479 2269 510 2320 et
530 2262 657 2319 Arcadio
679 2261 768 2337 pinus
789 2261 883 2319 amica
905 2261 969 2319 deo.

331 2342 381 2398 ah!
399 2342 536 2417 quotiens
550 2350 665 2399 vestras
680 2348 820 2399 resonant
834 2359 899 2399 mea
913 2343 1002 2399 verba
1018 2342 1073 2398 sub
1086 2341 1222 2411 umbram,

374 2421 514 2479 scribitur
534 2429 564 2479 et
585 2421 696 2480 teneris
719 2420 848 2494 Cynthia
869 2421 1043 2479 corticibus!

207 2662 235 2714 4.
262 2667 348 2727 sola,
374 2680 512 2726 eeuzame,
538 2666 566 2713 in
593 2666 677 2727 plaats
702 2679 753 2713 rau
780 2665 947 2713 solitaria.
965 2691 997 2697 -
1018 2660 1043 2713 6.
1071 2665 1298 2726 principium,

172 2733 273 2794 prend,
291 2734 420 2794 omacio,
438 2733 488 2794 vgl.
507 2747 542 2780 vs.
557 2731 572 2778 5
586 2731 656 2779 uude
670 2732 784 2794 primum
799 2738 923 2792 repetam.
937 2757 970 2765 -
981 2727 1008 2780 8.
1028 2730 1152 2779 bebere
1170 2737 1297 2780 notam.

174 2800 210 2847 De
230 2804 293 2847 nota
310 2799 332 2847 is
350 2798 476 2863 eigenlijk
495 2799 541 2846 bct
558 2799 667 2859 tecken,
689 2798 736 2845 dat
753 2799 785 2846 de
802 2812 929 2846 censorem
947 2812 979 2859 op
997 2799 1028 2844 de
1047 2797 1101 2860 lijst
1118 2798 1165 2845 der
1182 2797 1299 2859 burgers

172 2872 260 2914 zetteu
278 2865 312 2929 bij
332 2866 383 2914 deu
402 2880 479 2913 naam
492 2880 543 2913 van
556 2866 632 2928 hem,
650 2865 711 2913 dien
725 2863 755 2928 zij
768 2879 812 2912 om
825 2864 992 2927 berispelijke
1005 2864 1182 2926 baudelingeu
1196 2865 1297 2912 wilden

172 2934 294 2993 strati'en3
321 2947 371 2981 vau
396 2933 460 2981 daar
482 2932 628 2994 berrspiug,
651 2929 819 2993 bestraffing‚
842 2932 947 2991 suited,
971 2931 1094 2979 schande.
1121 2930 1221 2979 Verder
1244 2931 1296 2980 ook

173 3001 219 3047 het
244 3000 410 3049 brouduierk
434 3013 484 3047 ran
508 3000 693 3061 weggeloopen
717 2999 821 3059 slaven,
847 2999 896 3058 rgl.
921 2996 971 3044 Cic.
991 2995 1046 3045 Cat.
1064 2995 1094 3059 i,
1112 2995 1141 3059 6,
1159 2995 1206 3045 13:
1231 3005 1297 3046 nota

172 3066 316 3115 domestica
342 3066 516 3128 turpitudinis
541 3066 631 3113 inusta
658 3066 726 3112 vitae
752 3070 815 3112 tuae
841 3069 888 3112 est.
915 3090 947 3097 -
965 3061 999 3112 ἸΙ.
1031 3064 1079 3112 sic
1105 3064 1187 3112 mibi
1205 3101 1226 3111 ..
1245 3072 1296 3113 ut:

173 3148 280 3192 serrone
304 3134 418 3181 formule
441 3133 475 3196 bij
502 3132 720 3193 verzekeringen:
743 3145 788 3179 zoo
812 3130 933 3193 woorlijb
956 3145 1035 3191 moqe
1050 3168 1055 3178 .
1073 3168 1078 3178 .
1094 3132 1143 3179 uls.
1169 3129 1297 3194 Somtijds

173 3201 257 3248 wordt
280 3205 395 3248 utuuet
418 3200 469 3248 den
491 3198 706 3262 vergelijkenden
730 3199 770 3245 zin
788 3199 962 3260 weggelateu.
988 3196 1058 3246 Onze
1076 3198 1256 3245 eedsformule
1274 3199 1298 3245 is

173 3267 222 3314 dus
240 3267 267 3313 iu
287 3268 333 3314 het
351 3266 450 3330 Latiju:
474 3266 523 3315 ita
546 3280 594 3313 me
618 3266 715 3313 iuvet
737 3265 824 3312 Deus
842 3265 1066 3325 omnipotens.
1090 3263 1147 3326 Vgi.
1166 3264 1191 3325 1,
1211 3263 1239 3312 7:
1258 3264 1296 3312 ita

172 3333 223 3380 sim
247 3333 323 3395 felix,
348 3348 392 3381 roo
417 3332 534 3396 waurlijk
553 3347 629 3395 moge
647 3332 674 3379 ik
693 3330 902 3394 gelukkigzij11‚
927 3332 951 3378 d.
969 3331 986 3379 i.
1005 3329 1039 3392 bp'
1056 3329 1125 3392 ηιῇη
1143 3331 1236 3392 petuis,
1261 3329 1295 3393 bij

173 3397 242 3460 rbijo
266 3400 394 3448 zieleheil.
417 3425 450 3431 —
473 3405 505 3447 te
532 3400 663 3447 referas
690 3397 790 3446 levis:
816 3412 860 3445 zoo
882 3396 1004 3459 woorlijk
1028 3398 1097 3459 boop
1122 3398 1164 3458 ik,
1188 3398 1237 3445 dot
1259 3396 1295 3459 ρι’]

174 3466 349 3527 ltcbtztuoipe
374 3472 411 3513 tot
433 3464 482 3526 ηη]ι
504 3472 595 3527 mooyt
619 3466 809 3526 teruqbeercm
833 3465 857 3512 d.
875 3465 891 3511 i.
910 3479 954 3511 zoo
972 3463 1091 3526 ivaarlijk
1111 3464 1149 3511 als
1167 3464 1194 3512 ik
1214 3465 1295 3524 boot),

173 3532 220 3578 dat
242 3530 292 3594 gij,
317 3547 411 3580 ...zoo
436 3546 506 3579 waar
528 3532 551 3580 is
574 3534 620 3580 het
642 3532 688 3578 dat
704 3544 788 3593 geone
806 3531 952 3578 audere...
970 3556 1003 3563 -
1021 3527 1056 3580 15.
1082 3545 1140 3592 per
1164 3544 1227 3592 me,
1250 3545 1295 3578 zoo

174 3597 321 3659 Baehreus3
346 3599 377 3646 de
401 3598 474 3647 codd.
500 3597 603 3646 hebben
628 3598 743 3645 flendo
768 3602 820 3645 wat
843 3598 980 3658 overtoliig
997 3598 1019 3645 is
1037 3611 1070 3644 en
1089 3596 1293 3660 waarschijulijk

173 3679 238 3712 eene
264 3665 416 3725 rcrklaring
433 3677 484 3712 von
502 3665 627 3726 „deiectis
645 3664 784 3711 lacrimis''.
803 3688 835 3697 —-
853 3660 888 3712 17.
913 3678 967 3725 uu,
991 3663 1061 3724 osis
1080 3664 1124 3711 bet
1141 3664 1236 3712 emolat
1252 3661 1294 3725 wij

173 3732 271 3792 weinz'y
292 3732 364 3780 laten
381 3730 479 3792 blijkeu
496 3730 558 3791 (ran
576 3745 639 3778 onze
657 3731 761 3791 ibride),
781 3731 852 3777 door
869 3744 917 3778 ons
933 3728 1111 3791 <liefdeiouur
1130 3731 1292 3790 reconderet,

175 3803 211 3843 tot
229 3798 410 3845 concaedere
427 3798 543 3858 oekcerd
561 3797 604 3844 is?
621 3822 654 3829 —
671 3791 716 3845 20.
741 3796 884 3844 Arcadio
900 3834 922 3844 ..
939 3797 1012 3858 deo,
1038 3797 1107 3858 Pon,
1125 3797 1158 3845 de
1176 3798 1226 3860 god
1245 3811 1292 3844 rau

169 3863 302 3912 bosscbeu
327 3878 360 3910 eu
383 3862 497 3923 women,
522 3862 589 3909 wien
608 3864 640 3910 de
658 3862 790 3925 pijnboom
808 3877 841 3910 en
860 3862 891 3909 de
909 3864 1028 3910 steeueik
1047 3863 1129 3923 heilif.r
1146 3878 1244 3912 waren.
1262 3888 1293 3896 -
