2850 4409
708 150 767 209 250

335 351 395 393 non
415 333 496 393 cedit
516 334 658 408 Veiento,
680 336 735 394 sed
754 341 789 394 ut
808 335 955 395 fanaticus
976 343 1073 395 oestro

335 431 513 490 percussae,
534 415 673 488 Bellona,
694 421 746 474 tuo
767 415 882 475 divinat
902 421 933 475 et
954 415 1077 492 „ingens

258 494 316 552 125
336 511 424 553 omen
443 494 555 554 habes’'
575 494 675 571 inquit
694 495 813 571 „magni
833 495 968 572 clarique
988 496 1141 574 triumphi.

335 591 438 649 regem
457 574 589 650 aliquem
608 574 725 650 capies,
745 581 797 634 aut
818 576 856 635 de
877 582 995 635 temone
1014 576 1156 636 Britanno

336 653 457 713 excidet
476 653 648 729 Arviragus.
670 654 828 731 peregn'na
848 662 895 715 est
914 656 1017 732 belua;
1038 655 1135 716 cernis

336 739 451 792 erectas
470 733 503 791 in
523 740 608 808 terga
628 735 760 793 sudes?'’
782 736 839 794 hoc
859 735 956 794 defuit
975 755 1069 794 unum

335 813 484 887 Fabricio,
505 815 632 890 patriam
652 820 686 873 ut
706 814 824 875 rhombi
843 821 1020 876 memoraret
1039 822 1070 875 et
1090 833 1193 875 annos.

258 894 315 953 130
336 893 496 971 „quidnam
516 893 610 969 igitur
629 896 756 953 censes?
777 895 983 954 conciditur?”
1005 896 1100 970 „absit
1119 897 1156 955 ab
1176 895 1231 956 illo

336 973 467 1033 dedecus
488 973 580 1033 boc!’'
601 973 761 1033 Montanus
780 974 823 1034 ait
844 980 939 1048 „testa
958 975 1019 1034 alta
1038 982 1176 1052 paretur,

336 1072 413 1130 quae
433 1053 517 1113 tenui
538 1072 623 1113 muro
644 1054 808 1130 spatiosum
829 1055 950 1130 colligat
970 1057 1086 1115 orbem:

335 1133 462 1192 debetur
482 1152 609 1210 magnus
628 1134 748 1210 patinae
768 1134 946 1211 subitusque
966 1135 1171 1194 Prometheus.

335 1213 471 1289 argillam
491 1220 582 1290 atque
601 1220 697 1273 rotam
718 1214 807 1274 citius
827 1216 998 1291 properate!
1022 1216 1076 1274 sed
1096 1233 1135 1274 ex
1155 1215 1214 1274 hoc

258 1294 316 1352 135
336 1299 470 1369 tempore
489 1293 565 1367 iam,
586 1293 710 1368 Caesar,
731 1294 817 1370 figuli
837 1299 890 1353 tua
909 1300 1006 1354 castra
1027 1294 1221 1372 sequantur.’'

336 1373 408 1432 vicit
429 1373 520 1448 digna
541 1373 604 1432 viro
625 1374 781 1434 sententia.
802 1380 926 1434 noverat
945 1375 997 1434 ille

336 1453 487 1511 luxuriam
506 1453 625 1530 imperii
647 1460 779 1514 veterem
799 1460 962 1532 noctesque
983 1454 1110 1515 Neronis

336 1532 397 1591 iarn
417 1533 531 1592 medias
551 1533 700 1611 aliamque
721 1535 845 1609 famem,
867 1554 936 1595 cum
956 1536 1060 1611 pulmo
1079 1534 1205 1593 Falerno

335 1613 462 1672 arderet.
483 1613 560 1671 nulli
581 1614 675 1672 maior
693 1615 753 1673 fnit
773 1632 848 1674 usus
868 1614 978 1674 edendi

259 1693 316 1752 140
337 1698 515 1769 tempestate
534 1712 616 1752 mea:
639 1693 753 1753 Circeis
773 1700 842 1753 nata
862 1695 960 1754 forent
978 1714 1017 1754 an

336 1772 500 1833 Lucrinum
520 1773 559 1831 ad
579 1791 686 1833 saxum
706 1774 898 1851 Rutupinove
919 1774 999 1834 edita
1018 1774 1111 1833 fundo

336 1858 448 1926 ostrea,
470 1853 596 1912 callebat
615 1853 712 1930 primo
733 1854 919 1931 deprendere
939 1873 1052 1928 morsu,

317 1938 367 1992 ,et
388 1933 482 1992 semel
501 1933 614 2009 aspecti
635 1934 708 1993 litus
730 1934 847 1994 dicebat
867 1934 977 1994 echini.

336 2013 470 2089 surgitur
489 2019 521 2072 et
541 2013 632 2072 misso
652 2031 794 2089 proceres
815 2014 899 2074 exire
918 2014 1060 2073 iubentur

258 2094 314 2151 145
335 2093 473 2167 consilio,
495 2111 570 2170 quos
590 2094 737 2153 Albanam
758 2095 821 2153 dux
842 2112 968 2171 magnus
986 2094 1019 2152 in
1038 2112 1136 2153 arcem

174 2247 335 2256 -.--.-

175 2337 271 2386 vellen.
288 2362 322 2370 -
338 2336 485 2385 velaria:
510 2337 558 2385 het
579 2336 647 2385 doek
671 2337 700 2385 of
721 2337 769 2386 zeil
786 2337 877 2386 datin
894 2338 941 2386 het
957 2351 1026 2399 open
1042 2336 1147 2385 theater
1164 2335 1251 2386 boven
1270 2338 1305 2387 de

175 2405 370 2453 toescbouwers
393 2417 447 2452 was
471 2403 663 2467 nitgespannen
686 2410 767 2467 legen
790 2404 841 2453 den
864 2403 1042 2468 zonneschijn.
1068 2401 1107 2465 Op
1130 2403 1178 2451 het
1194 2407 1305 2453 tooneel

175 2471 229 2519 lion
246 2484 308 2518 men
326 2470 378 2518 dan
396 2469 516 2533 knapen,
534 2470 576 2518 die
593 2469 654 2534 bijv.
670 2468 770 2532 Cupido
783 2475 902 2520 moesten
914 2471 1086 2533 voorstellen,
1104 2473 1145 2518 tot
1158 2469 1190 2518 de
1203 2471 1304 2534 hoogte

177 2552 227 2586 van
244 2537 291 2585 dat
307 2536 375 2585 doek
393 2538 450 2585 snel
468 2550 533 2584 naar
551 2536 636 2585 boven
654 2551 759 2585 voeren.
772 2563 805 2571 -
820 2533 876 2587 124.
894 2537 1051 2586 Bellona:
1069 2550 1134 2585 eene
1151 2536 1303 2586 Aziatische

175 2603 270 2667 godin,
289 2603 331 2651 die
349 2603 455 2651 vereerd
474 2603 546 2651 werd
563 2618 596 2665 op
613 2604 645 2652 de
663 2602 737 2667 wijze
755 2603 802 2652 der
819 2604 915 2668 Magna
931 2604 1030 2667 Mater,
1048 2603 1086 2652 zie
1104 2602 1179 2652 Lucr.
1197 2602 1303 2666 11‚ooo

176 2684 232 2718 enz.
249 2684 308 2733 pag.
325 2669 366 2718 15.
383 2694 417 2703 --
435 2665 490 2719 126.
508 2675 656 2733 temone,
674 2671 769 2732 disset,
789 2671 847 2719 hier
864 2685 926 2719 voor
942 2685 1050 2733 wopan,
1067 2668 1249 2733 atriidwapen.
1267 2695 1303 2704 -

174 2733 230 2787 127.
256 2737 457 2799 AruiraguS,
480 2750 530 2785 een
553 2737 690 2800 overigens
713 2737 853 2786 onbekend
877 2737 1037 2800 opperhoofd
1061 2737 1108 2786 der
1130 2736 1243 2786 Brittan.
1268 2762 1303 2771 -

176 2800 231 2854 ¹28.
249 2803 363 2852 sudes:
382 2803 440 2851 hier
457 2803 489 2852 da
506 2804 602 2852 atckela
618 2803 669 2853 der
680 2805 789 2853 vinnan.
807 2804 844 2852 De
857 2805 929 2853 visch
943 2808 985 2853 zet
997 2804 1048 2852 zi‘n
1059 2802 1188 2866 stekelige
1200 2803 1302 2852 vinnan

173 2885 208 2933 op
225 2885 259 2919 en
277 2871 338 2919 doet
355 2870 483 2918 daardoor
500 2869 605 2919 denken
622 2885 674 2918 aan
689 2871 741 2919 den
754 2870 842 2919 ui'and
855 2870 899 2930 (de
912 2820 1040 2932 Brittani,
1058 2870 1120 2919 dien
1131 2870 1302 2919 Domitianus

176 2952 224 2986 zon
243 2937 446 2999 onclerwerpen,
468 2937 576 2999 volgens
593 2936 710 2986 Veiento.
728 2963 762 2971 -
789 2933 834 2987 29.
859 2937 1028 3001 Fabricio,
1052 2936 1077 2985 d.
1095 2937 1111 2985 i.
1130 2935 1248 2986 Veiento.
1267 2962 1302 2970 -

174 3000 231 3054 130.
254 3004 465 3053 conciditur:
489 3001 558 3052 Over
581 3004 633 3052 den
655 3003 734 3053 indic.
758 3005 808 3067 vgl.
832 3003 883 3066 ΙΙΙ,
906 2999 1078 3053 ano-131.
1103 3002 1301 3066 Montanus,

176 3071 214 3119 zie
232 3086 268 3119 vs.
285 3069 343 3119 107.
357 3096 390 3104 —
407 3067 461 3119 132.
479 3085 590 3119 muro:
609 3070 641 3119 de
659 3071 725 3119 rand
742 3085 793 3119 van
811 3070 863 3119 den
879 3071 994 3133 schotel‚
1012 3071 1053 3119 die
1071 3069 1211 3133 gebakken
1229 3075 1302 3119 moet

176 3138 290 3186 worden.
307 3163 341 3171 -
359 3133 413 3187 133.
438 3137 676 3199 Prometheus,
701 3137 744 3185 die
767 3137 820 3185 uit
842 3136 914 3186 klei
937 3137 969 3185 de
986 3141 1072 3185 eerste
1090 3136 1237 3186 menschen
1254 3152 1301 3201 ge·

175 3204 268 3253 vormd
286 3204 345 3252 bad.
365 3229 398 3237 -
415 3199 471 3253 134.
490 3206 613 3258 rotam,
630 3204 669 3251 zie
686 3218 744 3266 pag.
761 3201 826 3266 198,
843 3218 880 3252 vs.
895 3203 936 3252 24.
948 3228 982 3238 —
996 3199 1051 3254 138.
1070 3202 1231 3266 Falerno,
1250 3206 1301 3267 vgl.

176 3285 235 3333 pag.
251 3268 315 3334 128,
339 3285 375 3319 vs.
395 3268 434 3318 73.
452 3295 486 3303 -
503 3267 593 3318 Onder
610 3270 641 3318 de
658 3271 747 3319 ouden
764 3284 854 3319 waren
871 3285 901 3319 er
917 3272 1008 3333 velen,
1031 3269 1073 3318 die
1091 3270 1237 3335 meanden,
1256 3270 1303 3319 dat

177 3336 321 3399 drankenp
335 3338 377 3385 die
400 3351 463 3385 men
485 3337 623 3399 nuttigde,
647 3343 717 3385 eerst
737 3337 765 3385 in
783 3337 814 3385 de
832 3338 943 3400 longen,
961 3352 995 3386 en
1012 3350 1138 3385 wanneer
1153 3336 1217 3385 deze
1235 3337 1300 3400 goed

176 3409 224 3452 nat.
247 3417 336 3452 waren
360 3404 514 3467 geworden,
538 3404 632 3452 verder
654 3417 720 3451 naar
739 3403 860 3452 beneden
877 3404 1005 3453 rloeiden.
1021 3428 1056 3437 -
1073 3398 1130 3453 14⁰.
1155 3401 1301 3453 Circeis:

174 3468 288 3518 Circei
312 3484 361 3517 aan
386 3470 418 3518 de
442 3468 644 3532 Tyrrheensehe
665 3484 724 3532 aee,
748 3470 864 3532 haliweg
880 3470 963 3519 Rome
980 3485 1014 3519 en
1031 3469 1142 3533 Napels;
1167 3469 1200 3518 de
1216 3468 1302 3519 Lacus

176 3537 348 3585 Lucrinus
373 3537 400 3585 in
424 3534 581 3598 Campanit,
607 3536 642 3599 bij
668 3537 770 3585 Puteoli
793 3551 827 3585 en
851 3536 1025 3600 Rutupiae
1048 3536 1075 3585 in
1100 3536 1240 3585 Britannia
1262 3537 1302 3598 (in

177 3603 248 3651 Kent
269 3616 320 3650 aan
342 3602 362 3650 't
378 3602 464 3651 Nauw
483 3617 533 3651 van
551 3601 649 3663 Calais)
666 3617 756 3651 waren
774 3602 899 3652 beroemd
916 3604 979 3653 door
995 3604 1027 3651 de
1045 3604 1252 3653 oestercultuur.
1269 3629 1303 3638 -

177 3665 233 3719 143.
251 3668 351 3717 achin
361 3669 382 3716 i:
401 3669 434 3716 de
444 3670 557 3731 zeee'pel,
573 3669 697 3732 echinus,
712 3684 762 3718 een
774 3669 936 3733 schaaldier,
950 3670 1020 3719 werd
1033 3669 1096 3718 door
1108 3670 1141 3718 de
1154 3669 1302 3720 Romeinen

177 3750 240 3784 voor
257 3748 322 3783 eene
340 3734 469 3798 lekliernij
488 3736 628 3797 gehouden
646 3750 680 3784 en
698 3751 751 3799 nog
767 3738 824 3785 veel
841 3741 954 3800 gegeten
972 3737 1000 3785 in
1012 3735 1144 3785 Marseille
1156 3751 1191 3786 en
1204 3738 1303 3786 andere

177 3802 297 3861 plaatsen
323 3814 373 3847 aan
397 3800 430 3847 de
453 3800 569 3849 Middell.
592 3801 648 3850 Zee.
675 3803 780 3851 Brebm.
804 3801 943 3852 Tierleben
965 3803 1003 3866 X,
1026 3816 1084 3866 pag.
1108 3801 1252 3853 513-517.
1269 3829 1304 3838 -

176 3861 234 3914 145.
253 3864 418 3913 Albanam
433 3901 456 3915 ..
473 3880 597 3930 arcem,
614 3870 665 3931 vgl.
683 3884 721 3917 rs.
737 3868 796 3918 100.
