2850 4409
727 142 766 200 72

345 342 451 392 aurora
471 324 625 384 exoriente
645 326 714 401 vagi
735 327 791 385 sub
811 326 926 385 lumina
947 328 1034 401 solis,
1138 395 1140 398 ¹

345 422 422 481 quae
442 405 527 463 tarde
547 405 678 482 primum
699 406 841 465 clementi
863 407 983 466 flamine
1004 409 1109 484 pulsae

346 485 512 559 procedunt
532 485 698 563 leviterque
720 494 826 545 sonant
846 488 989 563 plangore
1010 489 1161 562 rachium,

346 570 414 639 post
434 572 523 623 vento
544 571 696 625 crescente
718 566 813 642 magis
834 566 930 642 magis
949 566 1158 628 increbesovmt

267 644 325 703 275
345 662 560 722 purpureaque,
576 646 681 721 procul
701 652 808 712 nantes
827 648 866 706 ab
878 648 953 706 luce
974 648 1139 724 refulgent:

347 723 391 783 sie
410 723 452 784 ibi
473 724 631 784 vestibulis
650 725 816 803 linquentis
837 727 919 802 regia
939 733 1021 786 tecta

346 804 384 862 ad
406 821 438 863 se
458 804 587 881 quisque
609 824 683 881 vago
704 805 818 882 passim
837 807 915 883 pede
935 807 1136 867 discedebant.

346 901 473 959 quorum
493 892 561 960 post
581 885 693 944 abitum
716 886 856 963 princeps
877 905 894 946 e
915 888 1027 946 vertice
1048 888 1130 947 Pelei

346 963 469 1039 advenit
490 964 600 1024 Chiron
621 972 743 1041 portans
764 966 1026 1042 silvestriadona3

266 1044 324 1102 280
345 1062 413 1102 nam
429 1062 633 1123 quoscumque
646 1047 748 1104 ferunt
761 1047 871 1123 campi,
886 1065 962 1123 quos
976 1047 1118 1106 Thessala
1132 1049 1249 1124 magnis

345 1123 495 1182 montibus
516 1142 567 1183 ora
587 1133 683 1192 creat,
704 1144 780 1201 quos
800 1132 922 1203 propter
941 1127 1075 1186 fluminis
1096 1128 1192 1187 nudas

344 1222 416 1278 aura
437 1204 516 1279 parit
536 1206 625 1264 flores
645 1204 741 1281 tepidi
762 1206 890 1266 fecunda
910 1207 1035 1280 Favoni,

345 1284 400 1342 hos
421 1284 604 1343 indistinctis
624 1286 731 1361 plexos
746 1286 823 1344 tulit
842 1286 907 1362 ipse
922 1287 1060 1361 corollis,

346 1382 404 1439 quo
425 1365 576 1440 permulsa
597 1365 703 1423 domus
724 1366 853 1425 ineundo
874 1366 941 1425 risit
961 1367 1059 1426 odore.

266 1444 325 1502 285
346 1444 503 1502 confestim
524 1444 633 1503 Pineos
653 1446 755 1519 adest,
776 1445 935 1505 viridantia
956 1447 1083 1523 Tempe,

346 1523 472 1600 Tempe,
493 1543 570 1601 quae
592 1525 684 1584 silvae
706 1525 833 1601 cingunt
854 1544 945 1603 super
964 1527 1187 1603 impendentes,

279 1641 281 1645 =
346 1603 539 1662 Haemonisin
560 1604 701 1681 linquens
722 1605 810 1664 Doris
831 1607 1010 1665 celebranda
1030 1607 1160 1680 choreiS,

344 1701 403 1742 non
424 1702 551 1743 vacuus:
573 1703 702 1761 namque
723 1685 788 1761 ipse
809 1686 880 1744 tuht
899 1686 1043 1745 radicitus
1063 1688 1139 1746 altas

344 1763 428 1839 fagos
449 1782 484 1823 ae
507 1770 587 1823 recto
608 1782 747 1840 proceras
768 1766 870 1842 stipite
891 1766 1008 1838 laurus,

266 1843 324 1901 290
345 1861 403 1901 nou
425 1845 489 1903 siue
509 1845 626 1903 nutanti
647 1844 767 1921 platano
787 1846 927 1922 lentaque
949 1847 1058 1905 sororei

345 1923 487 1998 flammati
507 1924 703 1983 Phaethontis
724 1931 755 1984 et
775 1925 854 1983 aeria
874 1944 1028 2002 cupressu.

327 2004 418 2062 haec
439 2004 554 2062 circum
576 2005 663 2064 sedes
682 2006 743 2064 late
764 2012 904 2064 contexta
923 2006 1046 2080 locavit,

345 2083 526 2142 vestibulum
548 2092 581 2142 ut
602 2085 684 2143 molli
705 2085 837 2144 velatum
856 2086 962 2145 fronde
982 2086 1100 2146 vireret.

344 2169 412 2239 post
432 2164 513 2223 huno
532 2165 726 2241 consequitur
747 2166 860 2224 sollerti
881 2166 970 2224 corde
988 2166 1200 2238 Prometheus,

265 2243 506 2302 295exteuuata
525 2262 634 2319 gerens
654 2245 766 2303 veteris
787 2246 913 2320 vestigia
933 2264 1061 2322 poenae,

184 2458 306 2506 undas:
330 2459 362 2506 de
384 2449 566 2521 morgenwind
590 2459 697 2521 rimpelt
720 2460 753 2507 de
776 2474 820 2507 zee
837 2474 871 2507 en
889 2458 964 2523 drijft
981 2460 1013 2511 de
1030 2462 1123 2522 golven
1141 2468 1308 2510 voorwacrts

185 2537 250 2571 naar
267 2524 314 2572 het
330 2525 435 2586 strend3
453 2525 484 2589 zij
503 2526 601 2574 komen
618 2540 650 2574 ex
667 2526 739 2574 alto
757 2526 825 2574 mari
841 2526 1033 2575 nederwaarts.
1047 2552 1081 2560 —
1094 2523 1149 2576 271.
1169 2528 1258 2591 vagi,
1275 2528 1308 2576 de

184 2604 232 2648 zon
250 2590 341 2653 begiut
359 2592 441 2639 heren
458 2589 637 2653 (zwerOtocht
653 2606 704 2641 aan
722 2593 774 2640 den
792 2593 894 2656 hemel,
912 2593 963 2656 vgl.
981 2592 1103 2642 Tibullus
1116 2593 1162 2655 lv,
1181 2592 1214 2642 76
1231 2594 1308 2657 „vagi

183 2657 313 2705 sileantur
336 2672 433 2719 pascua
452 2658 542 2718 ,solis'l
566 2684 599 2691 —
622 2659 683 2707 sub
706 2659 735 2707 in
758 2659 907 2723 tijdelijkeu
929 2661 970 2709 zin
988 2674 1122 2723 genomen
1137 2666 1232 2722 terrem
1256 2664 1307 2723 vgl.

184 2722 260 2786 Verg.
284 2722 349 2772 Aen.
368 2723 415 2786 Vl,
440 2724 490 2773 255
513 2725 608 2788 „primi
625 2725 675 2774 suh
692 2726 796 2775 lumina
813 2726 900 2775 solis‘'.
927 2726 964 2774 De
981 2727 1054 2776 codd.
1074 2725 1176 2775 hebben
1195 2728 1307 2776 subli-

185 2790 256 2838 mio.
274 2814 307 2823 -
324 2786 388 2850 277.
414 2792 451 2840 ad
475 2806 522 2854 se,
547 2792 608 2841 obaz
631 2793 678 2840 soi.
696 2817 730 2825 -
746 2788 811 2843 278.
836 2792 943 2850 Relei:
967 2808 999 2856 op
1020 2794 1071 2841 den
1086 2793 1179 2852 ,Pelion
1197 2795 1307 2843 woonde

184 2857 216 2904 de
235 2856 403 2906 beroemdste
418 2859 471 2920 der¹
482 2857 648 2922 Centauren,
672 2858 785 2922 Chiron,
809 2859 864 2922 die,
883 2859 950 2923 ziJ'ne
967 2869 1064 2909 woeste
1082 2867 1183 2909 natunr
1200 2861 1306 2924 gedeel-

183 2922 259 2987 telijk
289 2924 410 2988 afgelegd
443 2925 594 2987 hebbende,
626 2926 775 2974 uitrnuntte
805 2926 869 2975 door
894 2926 988 2975 hennis
1014 2941 1048 2975 en
1074 2926 1202 2990 wijsheid.
1235 2927 1307 2992 Zijne

184 2991 294 3038 dochter
313 2991 424 3054 Endeis,
449 2993 481 3040 de
498 2991 614 3055 gemalin
631 3006 683 3040 von
700 2991 814 3054 Aeacus,
839 3007 893 3041 was
911 2993 942 3042 de
961 2993 1068 3042 moeder
1084 3008 1135 3042 van
1153 2994 1257 3043 Peleus.
1273 3019 1307 3028 —
1409 3003 1410 3006 ’

183 3052 248 3107 285.
273 3056 409 3121 Penios,
431 3058 464 3107 de
488 3058 638 3120 stroomgod
664 3073 716 3108 van
739 3059 791 3106 den
815 3059 926 3108 Peneus.
944 3085 977 3093 —
992 3055 1058 3110 287.
1084 3061 1307 3110 Haemonisin

184 3124 268 3174 *codd
293 3120 436 3185 Minosim).
464 3124 598 3173 Thessali&
616 3125 706 3174 heette
723 3125 832 3189 eertijds
849 3125 994 3174 Haemonia
1010 3141 1044 3174 en
1061 3127 1111 3175 ooh
1130 3128 1219 3189 Doris,
1243 3142 1308 3176 naen
1409 3151 1410 3184 ;

185 3190 268 3239 Dorus
292 3191 343 3239 den
367 3206 431 3240 zoon
453 3206 504 3240 van
522 3191 624 3240 Hellen.
650 3192 705 3240 Een
723 3192 882 3241 adiectivum
900 3193 986 3241 Dorus
1003 3192 1078 3242 komt
1095 3194 1234 3257 overigens
1251 3196 1308 3243 niet
1409 3235 1410 3238 ,

184 3271 245 3305 voor
262 3253 325 3317 (wel
342 3258 374 3306 de
392 3257 546 3307 volhsnaum
564 3259 639 3318 Dori,
656 3259 685 3307 in
703 3259 788 3321 plaats
806 3272 856 3307 ven
875 3258 981 3322 Dones),
999 3274 1114 3309 waarom
1130 3260 1237 3325 Madvig
1249 3261 1307 3309 hier
1409 3281 1410 3304 1

183 3323 279 3371 duris
297 3324 461 3373 vermoedde.
478 3350 512 3358 -
530 3325 560 3373 ln
578 3325 720 3387 navolging
737 3325 783 3373 der
799 3325 1005 3389 AlexandriJ'nen
1023 3327 1099 3375 lucht
1114 3325 1237 3377 Catullus
1251 3328 1308 3376 hier

184 3390 234 3436 wel
252 3394 304 3437 wat
322 3392 379 3439 veel
397 3391 573 3453 geleerdheid.
590 3416 624 3424 -
640 3387 704 3442 29⁰.
729 3392 861 3441 sororei
884 3407 946 3440 voor
962 3408 1065 3455 sorore,
1083 3394 1115 3441 de
1133 3394 1157 3442 ei
1175 3396 1241 3443 stelt
1257 3409 1306 3444 een
1409 3395 1410 3414 ¹

184 3455 266 3503 hlank
284 3470 359 3517 voor,
377 3459 487 3520 gelegen
505 3458 631 3507 tusschen
649 3459 682 3506 de
699 3458 777 3521 lange
794 3473 809 3507 e
826 3473 860 3507 en
877 3459 893 3507 i.
913 3458 1065 3509 Phaethons
1080 3467 1181 3509 zusters
1197 3462 1226 3510 in
1237 3461 1306 3525 piju·
1409 3471 1410 3516 ξ

182 3521 295 3570 boomen
313 3522 472 3585 verunderd,
491 3522 563 3572 Ovid.
582 3524 689 3574 Metam.
708 3525 745 3586 11,
764 3523 814 3573 345
831 3540 904 3589 seqq.
921 3550 955 3558 -
972 3521 1037 3575 294.
1062 3527 1216 3591 sollerti,
1235 3533 1308 3577 went
1409 3553 1410 3556 =

181 3590 263 3635 πᾶσαι
280 3582 367 3649 τέχναι
384 3585 517 3652 βροτοῖσιν
534 3585 565 3637 ἐκ
585 3586 772 3653 Προμηθέως,
790 3591 883 3641 Aesch.
902 3591 987 3642 Pnorn.
1005 3591 1062 3642 506.
1079 3618 1113 3625 -
1130 3589 1196 3644 295.
1215 3600 1306 3643 exte·

183 3659 302 3714 uncta,
326 3653 501 3705 Prometheus
524 3657 619 3720 droeg,
642 3658 724 3706 nadat
745 3656 781 3722 hij
801 3672 850 3706 van
869 3658 901 3706 de
918 3659 982 3708 door
998 3660 1064 3709 Zeus
1083 3660 1143 3709 hem
1162 3662 1306 3725 opgelegde

183 3720 251 3768 straf
274 3720 337 3769 door
361 3720 484 3770 Heracles
508 3722 607 3786 bevrijd
630 3738 697 3787 was,
724 3725 763 3772 als
788 3725 960 3788 herinnering
982 3740 1033 3775 aun
1057 3725 1108 3790 zijn
1130 3727 1304 3790 doorgestauu

78 3836 81 3843 ,
183 3786 265 3849 lijden
277 3800 362 3834 eenen
376 3787 434 3849 ring
446 3802 497 3837 van
510 3788 573 3852 ijzer
585 3794 640 3837 met
651 3804 700 3838 een
713 3796 789 3839 steen
802 3805 852 3839 van
864 3792 897 3840 de
910 3796 978 3851 rots,
992 3806 1115 3841 waaraan
1126 3792 1162 3857 hij
1172 3794 1305 3856 geketeud
1409 3801 1410 3834 l

183 3856 298 3914 geweest
315 3866 383 3914 wne,
407 3867 436 3901 er
452 3853 480 3902 in
498 3860 588 3918 gerat,
612 3869 662 3904 aan
681 3857 732 3905 den
750 3858 856 3921 ringer,
879 3873 913 3906 en
930 3860 1074 3908 verscheen
1092 3874 1137 3909 zoo
1154 3861 1205 3909 ooh
1224 3876 1257 3924 op
1274 3862 1305 3909 de
1409 3849 1410 3896 l
