2850 4409
720 143 757 201 28

377 328 442 387 Hoc
462 329 552 388 etiam
572 328 687 388 faciunt
707 329 759 389 ubi
779 329 957 388 discubuere
979 334 1142 406 tenentque

336 410 443 485 pocula
464 427 553 485 saepe
573 409 709 468 homines
730 415 761 468 et
781 409 952 467 inumbrant
972 427 1023 467 ora
1044 409 1178 480 coronis,

338 507 377 548 ex
391 488 490 548 animo
503 493 538 547 ut
552 489 653 548 dicant
667 489 785 562 „brevis
799 487 849 547 hic
863 496 910 547 est
923 489 1039 548 fructus
1053 489 1213 549 homullis:

257 569 316 627 915
336 569 396 627 iam
417 569 523 642 fuerit,
544 587 642 646 neque
663 576 732 644 post
752 587 894 645 umquam
914 587 1053 629 revocare
1073 569 1207 629 licebit.''

245 653 248 658 “
336 660 489 725 tamquam
510 650 540 707 in
561 656 656 708 morte
676 649 748 708 mali
768 668 837 707 cum
858 648 963 725 primis
983 650 1040 708 hoo
1064 650 1103 708 sit
1123 668 1242 723 eorum,

337 729 418 806 quod
439 729 506 788 sitis
526 736 634 788 exurat
654 729 780 788 miseros
800 735 890 806 atque
911 729 994 787 arida
1014 734 1124 803 torres,

336 814 389 868 aut
408 808 484 868 aliae
505 808 591 868 ciuus
613 809 796 868 desiderium
816 809 946 868 insideat
966 809 1018 867 rei.

336 907 393 948 nec
416 889 472 948 sibi
493 889 573 947 enim
594 889 753 966 quisquam
774 894 838 947 tum
860 906 893 947 se
914 889 1065 965 vitamque
1087 889 1229 966 requirit,

257 968 316 1026 920
337 987 406 1027 cum
426 969 539 1045 pariter
558 987 643 1028 mens
664 976 695 1028 et
715 986 824 1045 corpus
845 968 942 1044 sopita
962 968 1136 1046 quiescunt:

337 1067 403 1107 nam
427 1049 498 1108 licet
519 1055 673 1108 aeternum
694 1068 749 1125 per
769 1067 823 1108 nos
845 1048 889 1108 sic
911 1066 977 1108 esse
999 1066 1151 1124 soporem,

336 1147 393 1187 nec
413 1128 596 1187 desiderium
617 1130 711 1194 nostri
733 1147 787 1187 nos
808 1129 911 1187 adficit
931 1128 1044 1187 ullum:

337 1215 487 1267 ettamen
508 1209 589 1268 haud
610 1228 760 1286 quaquam
781 1215 897 1268 nostros
918 1214 990 1267 tunc
1010 1209 1062 1267 illa
1082 1227 1137 1284 per
1156 1215 1240 1268 artus

337 1289 426 1364 longe
446 1289 482 1347 ab
504 1288 658 1347 sensiferis
678 1289 841 1365 primordia
861 1289 991 1347 motibus
1011 1294 1127 1362 errant,

257 1368 316 1425 925
338 1387 407 1427 cum
427 1376 583 1444 correptus
604 1370 691 1427 homo
712 1387 751 1428 ex
773 1387 876 1427 somno
898 1387 930 1428 se
951 1369 1066 1444 colligit
1085 1368 1160 1444 ipse.

338 1449 433 1507 multo
446 1448 540 1524 igitur
554 1455 680 1508 mortem
693 1449 793 1507 minus
807 1450 845 1507 ad
859 1466 913 1507 nos
928 1466 994 1508 esse
1008 1449 1222 1524 putandumst,

338 1529 364 1587 si
386 1528 485 1586 minus
505 1546 572 1587 esse
593 1536 693 1604 potest
713 1548 804 1605 quam
824 1528 905 1605 quod
924 1528 968 1587 nil
989 1546 1056 1588 esse
1077 1528 1231 1588 videmus:

243 1644 245 1647 >
338 1608 431 1666 maior
450 1608 530 1667 enim
552 1610 638 1668 turba
658 1614 690 1668 et
710 1608 856 1667 disiectus
877 1608 1011 1667 materiai

337 1688 531 1764 consequitur
550 1689 627 1762 leto,
648 1707 704 1747 nec
725 1688 880 1764 quisquam
903 1688 1078 1764 expergitus
1099 1693 1214 1762 exstat,

257 1767 316 1826 930
337 1768 447 1843 frigida
467 1786 557 1845 quem
579 1769 672 1828 semel
692 1776 740 1827 est
761 1768 833 1827 vitai
855 1786 948 1844 pausa
969 1775 1080 1827 secuta.

377 1848 513 1924 Denique
535 1848 561 1907 si
581 1866 684 1908 vocem
705 1867 807 1908 rerum
827 1855 933 1907 natura
953 1854 1076 1924 repente

337 1928 437 1987 mittat
457 1933 488 1986 et
507 1930 564 1988 hcc
584 1929 674 1987 alicui
694 1935 830 1987 nostrum
852 1928 896 1987 sic
915 1928 1050 2004 increpet
1070 1928 1151 2004 ipsa,

338 2008 430 2085 „quid
451 2008 506 2067 tibi
520 2014 602 2067 tanto
616 2027 705 2085 opere
721 2014 782 2081 est,
797 2008 946 2082 mortalis,
961 2008 1042 2084 quod
1056 2006 1146 2066 nimis
1160 2007 1261 2082 aegris

335 2089 467 2148 luctibus
488 2089 648 2164 indulges?
669 2089 744 2165 quid
765 2094 890 2147 mortem
912 2087 1066 2163 congemis
1086 2105 1121 2146 ac
1141 2087 1218 2146 fles?

256 2167 315 2225 935
337 2186 407 2226 nam
427 2169 521 2243 gratis
541 2169 599 2228 luit
619 2169 673 2228 tibi
695 2169 757 2227 vita
777 2174 846 2227 ante
866 2174 932 2227 acta
953 2168 1107 2244 priorque,

336 2253 367 2307 et
386 2267 446 2306 non
467 2249 565 2307 omnia
585 2255 742 2325 pertusum
762 2254 903 2323 congesta
923 2247 1008 2325 quasi
1029 2247 1061 2305 in
1082 2264 1135 2305 vas

336 2328 490 2387 commoda
509 2329 680 2404 perfluxere
700 2334 792 2406 atque
813 2329 928 2404 ingrata
948 2328 1106 2386 interiere:

336 2426 390 2465 cur
410 2427 469 2466 non
489 2415 524 2467 ut
543 2409 652 2484 plenus
673 2409 752 2468 vitae
773 2409 898 2467 conviva
917 2408 1050 2481 recedis,

336 2505 431 2564 aequo
451 2488 609 2564 animoque
630 2489 714 2564 capis
736 2506 886 2562 securam,
908 2489 1014 2561 stulte,
1037 2487 1191 2564 quietem?

256 2566 314 2625 940
336 2566 383 2625 sin
403 2586 438 2626 ea
458 2586 535 2645 quae
555 2569 671 2626 fructus
692 2587 821 2645 cumque
843 2586 876 2627 es
897 2568 1013 2644 periere
1033 2568 1170 2643 profusa,

175 2804 222 2851 en,
241 2793 326 2839 zocals
344 2791 415 2853 bier,
432 2792 499 2854 grai.
516 2817 549 2825 -
567 2788 621 2843 913.
641 2806 742 2853 saepe
760 2807 834 2841 voor:
853 2798 884 2840 ut
901 2806 979 2854 saepe
997 2790 1034 2840 bt.
1047 2817 1081 2825 -
1093 2792 1244 2841 coronis:
1262 2792 1299 2856 bij

176 2859 222 2905 bet
244 2857 401 2921 drinhgelag
424 2872 458 2907 na
481 2860 532 2906 den
556 2858 675 2922 maaltijd
697 2860 812 2921 droegen
830 2859 862 2907 de
880 2863 974 2922 gestan
992 2859 1107 2907 branseu
1124 2872 1176 2906 van
1193 2859 1301 2908 welrie-

175 2923 262 2972 kende
280 2924 396 2986 plasten.
408 2950 442 2958 —
454 2921 510 2975 915.
528 2925 594 2973 iarn
612 2926 625 2973 f
631 2925 738 2986 uerit,
757 2940 801 2973 zoo
819 2925 933 2988 dadelijh
951 2926 991 2973 zal
1009 2924 1038 2988 zij
1058 2939 1087 2973 er
1103 2929 1222 2987 geweest
1233 2925 1302 2989 zijn,

174 2991 231 3038 niet
248 3004 321 3039 meer
337 2990 396 3054 zijn.
413 3017 447 3025 —
464 2987 519 3042 917.
537 2997 663 3054 torres,
681 2992 773 3054 placid,
791 2992 886 3040 brand,
904 3015 937 3025 -
954 2987 1010 3041 918.
1029 2991 1119 3039 aliae
1136 3005 1200 3040 voor
1214 2992 1301 3054 alius;

174 3058 237 3119 rei,
261 3056 326 3106 eene
349 3059 468 3121 lettergr.
491 3084 525 3092 -
548 3054 611 3109 923.
635 3059 681 3107 illu
705 3058 847 3119 primordia
870 3072 916 3120 per
935 3064 1009 3106 artus
1026 3062 1130 3106 nostros
1147 3072 1202 3106 nou
1219 3059 1302 3123 longe

174 3129 265 3173 errant
288 3138 303 3172 a
325 3125 414 3173 sensis.
440 3130 518 3187 mot,
541 3127 592 3188 vgl.
616 3123 673 3174 860.
699 3124 730 3172 In
754 3125 805 3172 den
829 3126 901 3186 slaap
924 3123 1022 3188 blijven
1043 3125 1076 3172 de
1094 3128 1202 3172 atomen
1219 3125 1249 3173 in
1268 3126 1302 3175 de

173 3191 250 3253 orde,
275 3191 317 3240 die
340 3206 369 3239 er
392 3192 521 3240 vereischt
547 3193 630 3240 wordt
650 3206 694 3240 orn
711 3191 834 3239 sensiferi
851 3196 952 3253 motus,
976 3205 1019 3239 cm
1037 3191 1301 3255 gewaarwordingen

174 3261 202 3306 te
222 3256 341 3319 hebben,
366 3257 429 3305 daur
446 3258 477 3305 de
496 3258 619 3320 mensch,
644 3258 684 3305 uit
701 3258 753 3306 den
770 3257 843 3319 slaap
859 3258 1009 3318 ontwaakt,
1032 3257 1151 3306 terstond
1170 3271 1243 3306 weer
1259 3262 1303 3308 tot

175 3323 231 3373 zich
255 3324 307 3372 zelf
327 3324 415 3383 komt3
439 3339 474 3372 na
497 3325 548 3373 den
574 3325 640 3373 dcod
664 3325 756 3373 echter
780 3324 864 3372 wordt
887 3324 934 3372 bet
956 3324 1070 3372 lichaam
1092 3323 1247 3372 cntbonden
1265 3340 1301 3374 en

175 3390 225 3438 dus
250 3390 283 3438 de
305 3390 368 3438 orde
391 3390 438 3437 der
461 3395 568 3439 atomen
594 3391 747 3439 verbrcken.
765 3416 798 3424 -
821 3386 885 3440 928.
911 3390 1083 3439 disiectus
1107 3390 1129 3438 is
1153 3404 1203 3438 een
1227 3387 1303 3449 ἅπαξ

174 3451 320 3518 εἰρημένον.
334 3482 367 3490 -
379 3452 443 3506 929.
461 3458 703 3520 consequitur,
721 3471 851 3519 ongeveer
861 3472 891 3499 =
901 3457 1008 3518 accidit,
1027 3455 1064 3504 fit.
1074 3452 1180 3507 -933.
1199 3463 1303 3507 tanto

174 3536 276 3584 opere
293 3526 345 3571 est
359 3538 389 3565 =
405 3524 480 3571 deert
496 3539 515 3571 u
532 3538 576 3573 zoo
594 3538 659 3572 zeer.
674 3549 707 3557 -
723 3519 786 3575 935.
805 3524 876 3572 fuit
893 3529 948 3571 met
966 3525 1043 3582 lange
1061 3538 1086 3571 u.
1105 3522 1168 3585 Fui,
1185 3523 1302 3588 fuerim,

173 3589 292 3650 fueram,
315 3589 439 3651 fuissem,
463 3590 553 3652 suero,
577 3591 659 3639 fuisse
682 3590 788 3638 badden
811 3590 839 3638 in
863 3590 895 3638 de
919 3590 987 3638 cude
1010 3591 1066 3638 tual
1085 3602 1151 3638 eene
1168 3591 1248 3653 lange
1267 3606 1302 3653 u,

174 3654 225 3717 vgl.
241 3649 367 3717 πέφῡκα.·
385 3670 430 3704 zoc
447 3656 561 3720 dihwijls
577 3656 612 3721 bij
632 3657 758 3719 PlautuS,
775 3657 824 3705 ook
843 3655 876 3719 bij
891 3655 1000 3704 Ennius.
1018 3656 1072 3704 Eeu
1086 3656 1215 3717 opschrift
1226 3659 1302 3718 geeft

174 3721 225 3770 den
248 3735 323 3769 vorm
346 3721 432 3769 fuveit
454 3737 515 3771 voor
538 3724 597 3771 fuit.
625 3724 662 3772 De
686 3736 838 3785 opgegeven
861 3723 947 3785 lezing
969 3723 992 3770 is
1014 3722 1057 3770 die
1077 3723 1124 3770 der
1141 3722 1303 3788 handschr„

174 3786 333 3850 gewoonlijk
351 3788 448 3849 plaatst
466 3804 541 3852 men,
566 3804 609 3838 cm
627 3790 660 3838 de
678 3805 696 3837 u
713 3804 765 3837 van
782 3789 835 3838 fuit
852 3789 912 3837 hort
929 3795 956 3837 te
974 3788 1085 3849 mahen,
1103 3789 1187 3837 haec
1203 3790 1302 3840 achter

175 3855 213 3902 dit
236 3855 389 3916 woord„0f
409 3855 497 3904 schikt
520 3857 551 3905 de
575 3856 698 3904 woorden
721 3857 749 3905 in
773 3870 838 3904 eene
862 3856 960 3903 andere
981 3856 1110 3918 volgorde.
1129 3880 1162 3888 -
1179 3850 1238 3905 941.
1264 3857 1301 3906 in
