2850 4409
741 152 798 211 116
884 204 890 215 .

369 354 439 395 nam
458 335 513 395 tibi
534 336 687 396 nocturnis
707 337 747 395 ad
767 354 840 396 saxa
860 338 952 414 ligata
972 340 1111 416 procellis

310 417 349 475 20
410 416 508 475 omnia
529 416 625 475 detrio
646 417 766 476 vincula
785 418 857 477 tune
877 419 997 478 cadunt.

371 501 441 555 sunt
460 496 709 572 Agamemnonias
731 498 872 557 testantia
892 498 980 557 litora
1000 518 1101 572 curas,

409 593 485 653 quae
505 581 589 635 notat
608 577 747 652 Argynni
766 595 862 653 poena
881 579 1136 639 Athamantiadae.

369 656 425 715 hoc
444 654 553 715 iuvene
573 656 683 716 amisso
703 658 831 716 classem
851 675 910 716 non
931 659 1020 718 solvit
1040 660 1175 733 Atridae,

218 807 220 811 ,
408 753 462 812 pro
483 754 542 813 qua
562 742 723 796 mactatast
742 736 898 813 Iphigenia
919 756 1009 798 mora.

311 817 348 875 29
369 816 426 888 ite,
447 821 527 874 rates
547 834 671 890 curvae,
692 822 724 876 et
742 817 797 876 leti
817 836 889 894 prae
910 818 1005 878 texite
1025 837 1146 878 causas:

309 897 348 955 30
408 896 467 955 ista
485 914 541 972 per
560 896 705 956 humanas
726 915 806 956 mors
826 897 909 956 venit
927 905 994 958 acta
1013 917 1127 958 manus.

369 982 448 1036 terra
468 995 574 1052 parum
593 977 692 1036 iuerat
710 977 797 1050 fatis,
818 977 982 1037 adiecimus
1002 979 1113 1038 undas:

409 1056 545 1125 fortunae
566 1055 690 1116 miseras
710 1057 851 1116 auximus
870 1063 934 1117 arte
955 1058 1027 1117 vias.

368 1155 475 1196 ancora
494 1143 525 1195 te
545 1142 659 1210 teneat,
681 1154 772 1213 quem
792 1155 851 1195 non
872 1143 995 1197 tenuere
1015 1138 1163 1198 Penates?

409 1216 483 1293 quid
503 1216 643 1275 meritum
664 1216 762 1288 dicas,
783 1217 832 1275 cui
853 1235 907 1277 sua
927 1223 1007 1276 terra
1026 1221 1181 1295 parumst?

309 1297 348 1355 35
369 1301 569 1368 ventorumst,
591 1297 800 1373 quodcumque
821 1315 924 1373 paras:
945 1298 1019 1358 haut
1039 1299 1101 1358 ulla
1121 1299 1223 1358 carina

408 1376 578 1448 consenuit,
599 1376 677 1436 iallit
697 1384 802 1452 portus
822 1377 938 1454 etipse
959 1377 1058 1437 fidem.

368 1461 474 1515 natura
493 1455 639 1515 insidians
659 1461 785 1533 pontum
806 1457 969 1516 substravit
988 1458 1100 1516 avaris:

409 1542 443 1595 ut
463 1536 517 1595 tibi
539 1536 694 1608 succedat,
716 1535 768 1594 vix
789 1538 883 1596 semel
903 1554 970 1596 esse
991 1544 1097 1614 potest.

303 1623 305 1626 ’
371 1634 443 1676 saxa
463 1616 660 1692 triumphales
680 1617 797 1692 fregere
819 1617 971 1693 Oapharea
991 1635 1122 1694 puppes,

309 1698 348 1756 40
408 1697 550 1771 naufraga
570 1713 639 1755 cum
659 1702 745 1755 vasto
766 1695 889 1756 Graecia
909 1703 1004 1756 tracta
1024 1699 1086 1757 salo
1106 1702 1161 1757 est.

368 1775 512 1853 paulatim
533 1775 649 1835 socium
669 1776 814 1835 iacturam
834 1776 918 1836 flevit
937 1777 1056 1851 Ulixes,

407 1856 440 1914 in
460 1874 541 1914 mare
562 1856 611 1914 cui
632 1855 711 1915 soliti
732 1874 792 1915 non
812 1856 933 1916 valuere
954 1857 1023 1916 doli.

368 1936 449 2013 quod
469 1936 495 1994 si
515 1941 673 1995 contentus
693 1936 790 2012 patrio
810 1937 885 1996 bove
905 1943 1036 1996 verteret
1055 1956 1156 2013 agros,

409 2016 558 2093 verbaque
580 2016 719 2075 duxisset
738 2016 856 2092 pondus
877 2017 986 2076 habere
1006 2036 1086 2089 mea,

309 2097 349 2155 45
369 2096 484 2155 viveret
503 2101 573 2155 ante
594 2113 664 2155 suos
686 2096 786 2155 dulcis
807 2096 931 2156 conviva
951 2098 1093 2172 Penates,

407 2194 536 2253 pauper,
557 2181 588 2234 at
607 2176 639 2234 in
659 2182 751 2249 terra,
772 2175 816 2234 nil
836 2176 887 2236 ubi
908 2177 980 2236 flare
1001 2183 1112 2254 potest:

368 2275 427 2316 non
447 2256 519 2315 tulit
539 2256 595 2315 hoc
615 2256 741 2329 Paetus,
763 2255 921 2316 stridorem
941 2257 1046 2317 audire
1066 2258 1214 2334 procellae

409 2342 441 2396 et
461 2336 535 2395 duro
555 2343 674 2395 teneras
692 2335 813 2395 laedere
833 2337 905 2396 fune
926 2355 1046 2411 manus,

369 2417 423 2476 sed
443 2416 527 2490 thyio
548 2416 678 2474 thalamo
698 2422 751 2474 aut
772 2414 873 2475 Oricia
892 2417 1060 2476 terebintho

310 2497 348 2555 50
408 2503 439 2556 et
458 2497 569 2555 fultum
589 2496 692 2572 pluma
712 2496 890 2556 versicolore
911 2502 1011 2573 caput.

207 2650 367 2664 ,..-—..

207 2742 324 2805 gemalin
341 2754 392 2790 vau
410 2740 518 2803 Boreas,
536 2740 578 2789 die
595 2742 659 2790 haar
671 2755 723 2790 aan
734 2741 786 2789 den
799 2741 890 2790 llissus
902 2741 1037 2791 schaakte.
1049 2767 1083 2776 —
1095 2738 1140 2791 22.
1159 2742 1328 2805 Argynni:

207 2810 364 2872 ArgynnuS,
387 2822 437 2857 cen
460 2808 613 2857 Boeotische
636 2807 737 2870 knaap,
761 2822 825 2856 zoon
850 2823 900 2857 van
923 2808 1034 2858 Pisidiae
1058 2805 1239 2871 (Πεισιδίκη),
1262 2824 1329 2858 eene

207 2876 391 2924 klcindochtcr
422 2889 472 2923 van
503 2874 645 2936 AthamaS,
676 2890 730 2923 was
758 2875 791 2922 de
816 2875 942 2938 licveling
966 2890 1017 2924 van
1043 2875 1240 2939 Agamemnon,
1272 2876 1329 2938 die,

207 2944 271 2991 door
294 2942 415 2991 hammer
436 2956 498 2991 over
520 2941 540 2989 ’t
557 2942 652 2990 verlies
674 2954 726 2990 van
749 2942 800 2990 den
824 2941 924 3005 knaap,
947 2942 990 2990 die
1011 2956 1062 2991 aan
1080 2942 1100 2990 't
1117 2943 1209 2991 strand
1227 2957 1277 2990 van
1294 2943 1329 2991 de

207 3009 350 3072 AegeIsche
368 3022 412 3058 zee
435 3007 607 3071 schripbreuh
628 3007 702 3070 leed,
725 3007 860 3070 gekweld,
883 3007 950 3072 zijne
968 3010 1040 3057 vloot
1057 3009 1113 3058 niet
1129 3009 1177 3058 liet
1194 3009 1328 3058 nitzeilen.

207 3077 275 3125 Door
292 3076 332 3125 dit
348 3077 449 3125 talmeu
467 3089 514 3139 zag
531 3073 567 3139 hij
587 3075 643 3124 zich
661 3076 742 3137 later,
760 3079 822 3124 tocn
840 3076 872 3124 da
883 3074 954 3124 wind
967 3076 1113 3125 veranderd
1125 3091 1195 3138 was,
1211 3076 1329 3139 genood-

206 3142 284 3192 zaakt
307 3146 377 3192 eerst
394 3141 461 3206 zijne
479 3142 588 3191 dochter
605 3141 742 3204 Iphigenia
759 3146 786 3189 tc
803 3141 916 3203 olicreu,
939 3138 1001 3191 viror
1018 3141 1055 3206 hij
1074 3142 1127 3192 hon
1144 3143 1275 3192 nitzeilen.
1293 3168 1329 3176 —

206 3205 251 3260 36.
270 3209 382 3258 fallit:
400 3209 464 3258 zelfs
481 3209 514 3257 de
531 3209 617 3257 haren
632 3209 705 3272 gceft
717 3223 769 3271 nog
781 3208 838 3257 niet
850 3208 882 3256 de
894 3208 1050 3272 velligheid,
1068 3209 1111 3257 die
1123 3223 1185 3258 men
1199 3224 1249 3258 van
1262 3209 1329 3257 haar

207 3277 375 3325 verwachten
401 3276 498 3324 mocht.
524 3300 557 3309 -
583 3271 628 3326 39.
660 3289 741 3324 saxa
766 3273 955 3338 Gapharea,
987 3272 1147 3338 Καφηρεύς,
1171 3272 1328 3339 Καφηρίὸες

205 3338 310 3404 πέτραι,
328 3343 461 3405 landpunt
477 3357 528 3391 aan
546 3342 578 3390 de
596 3341 781 3406 znidoostzijde
798 3355 849 3390 van
866 3341 981 3391 Euboea.
1004 3342 1076 3391 Toen
1093 3342 1126 3392 dc
1144 3342 1258 3392 Griehen
1274 3356 1328 3391 ran

205 3409 282 3471 Troje
305 3409 474 3472 zegevierend
498 3409 692 3471 teruglreerden
715 3408 774 3457 laed
799 3409 890 3457 hunne
912 3410 984 3458 vloot
1005 3409 1064 3458 hier
1079 3409 1251 3473 schipbreuh,
1273 3409 1327 3472 agl.

206 3474 297 3533 Quint.
315 3474 421 3539 Smyrn.
439 3475 511 3538 XIV,
528 3474 578 3524 469
595 3490 668 3539 seqq.
685 3500 720 3508 -
736 3471 775 3525 41.
797 3476 940 3538 socium,
957 3475 1095 3526 sociorum.
1113 3502 1147 3511 -
1164 3472 1211 3527 42.
1228 3475 1326 3525 soliti

206 3542 290 3602 doli,
307 3556 358 3590 van
376 3544 440 3591 daar
457 3541 523 3605 zijne
540 3542 675 3606 bijnamen
691 3537 892 3658 uoivygyavoc,
908 3538 1054 3606 πολύμητις
1070 3556 1105 3592 eu
1120 3544 1245 3606 spreekw
1262 3537 1328 3591 οὐδὲ

203 3603 356 3661 Ὀδυσσέως
381 3604 503 3670 λείπομαι
528 3603 556 3656 ἐν
581 3604 676 3662 δόλοις.
701 3634 735 3642 -
760 3605 807 3658 4.
834 3609 936 3665 flare,
963 3611 1002 3658 als
1027 3610 1239 3672 substantivum,
1264 3622 1328 3658 soor

206 3675 329 3735 flamina,
346 3674 433 3724 turbo.
445 3700 479 3708 -
490 3670 537 3725 49.
554 3676 667 3738 thyio,
685 3690 737 3724 van
754 3676 805 3725 dau
822 3671 903 3735 osor,
920 3690 971 3724 een
987 3675 1064 3725 hoom
1081 3681 1123 3725 tot
1139 3677 1172 3726 de
1186 3690 1327 3740 cypressen

205 3740 388 3803 behoorende,
405 3746 461 3789 met
477 3741 638 3790 walriekend
656 3743 730 3791 hout.
743 3768 777 3776 —
790 3741 916 3792 Oricia:
934 3743 962 3791 in
977 3744 1010 3792 de
1024 3742 1159 3807 nabijheid
1171 3758 1222 3792 van
1234 3743 1327 3793 Oriens

206 3807 236 3856 of
248 3805 378 3868 Oricum,
401 3821 466 3855 eene
488 3808 547 3855 stad
571 3809 598 3855 in
621 3808 730 3871 Epirus,
753 3809 877 3872 groeiden
898 3809 1158 3874 terpentijnboornen
1174 3815 1231 3860 met
1246 3815 1327 3858 zwart

207 3874 284 3922 hout.
299 3897 333 3906 -
350 3873 419 3921 sed:
445 3872 537 3936 hierbij
556 3873 642 3922 dentre
659 3889 723 3923 men
741 3875 797 3925 zich
815 3890 865 3924 een
883 3890 954 3938 ww,
978 3877 1024 3926 dat
1041 3876 1105 3926 door
1120 3891 1171 3926 cen
1188 3884 1257 3926 soort
1272 3890 1325 3925 ran
