2850 4409
647 176 703 233 141

205 362 250 420 25
272 361 373 419 navita
395 361 543 421 sollicitus
563 380 633 420 cum
655 367 760 420 ventos
781 362 882 421 horret
902 361 1035 438 iniquoS,

314 446 344 499 et
364 459 457 517 prope
478 448 540 499 tam
560 442 671 514 letum,
692 459 783 518 quam
803 460 896 518 prope
916 442 1012 500 cernit
1033 460 1149 518 aquam.

275 521 355 596 quod
376 521 402 578 si
423 539 583 580 concussas
604 520 707 579 Triton
728 529 888 597 exasperet
908 522 1018 594 undas,

315 619 405 677 quam
425 601 480 659 tibi
502 601 542 659 sit
561 607 624 659 toto
644 601 747 659 nullus
767 601 799 659 in
820 619 870 660 ore
891 601 985 659 color!

275 687 339 738 tum
358 698 503 755 generosa
524 699 611 740 voces
631 680 778 739 fecundae
799 680 897 739 sidera
918 681 1032 754 Ledae,

209 761 252 820 30
315 765 346 819 01
365 760 487 834 „felix'',
508 761 591 819 dicas
612 779 720 837 „quem
742 778 795 819 sua
816 768 895 819 terra
915 760 1030 819 tenet”!

275 840 370 898 tutius
390 847 438 899 est
457 840 569 899 fovisse
589 846 703 913 torum,
726 841 836 915 legisse
857 841 989 912 libelloS,

316 919 486 979 Threiciam
507 920 611 996 digitis
631 921 818 996 increpuisse
838 921 943 994 lyram.

276 1005 307 1057 at
327 1000 352 1057 si
373 1019 449 1058 vana
468 1001 570 1059 ierunt
589 1001 727 1059 volucres
748 1018 814 1059 mea
834 1001 914 1059 dicta
934 1000 1097 1076 procellae,

315 1097 410 1156 aequa
430 1086 531 1139 tamen
551 1080 646 1157 puppi
668 1079 708 1138 sit
729 1079 852 1139 Galatea
872 1086 950 1138 tuae.

212 1160 255 1218 35
276 1164 410 1217 vestrum
431 1161 546 1219 crimen
567 1160 624 1219 erit
644 1160 714 1218 talis
734 1160 850 1218 iactura
871 1160 1004 1236 puellae,

316 1238 525 1316 Nereidesque
547 1240 620 1299 deae
642 1239 871 1316 Nereidumque
891 1246 983 1316 pater.

276 1319 352 1377 vade
372 1338 487 1378 memor
506 1321 600 1379 nostru¹
621 1326 710 1378 vento
731 1320 864 1378 reditura
885 1320 1023 1378 secundo.

317 1398 441 1475 impleat
460 1400 513 1458 illa
533 1407 601 1459 tuos
621 1400 727 1458 fortior
745 1418 818 1458 aura
839 1399 937 1474 sinus;

277 1484 342 1537 tum
363 1498 444 1538 mare
465 1480 496 1538 in
516 1480 590 1539 haec
611 1497 737 1555 magnus
758 1479 908 1555 proclinet
928 1479 1015 1538 litora
1035 1479 1168 1552 Nereus,

217 1558 257 1617 40
318 1559 377 1618 huc
396 1559 479 1619 venti
500 1560 629 1637 spirent,
650 1561 710 1618 huc
729 1566 799 1635 agat
819 1565 921 1618 aestus
941 1578 1041 1636 aquas.

277 1638 342 1714 ipsa
362 1657 464 1715 roges,
485 1639 616 1716 Zephyri
636 1639 759 1698 veniant
777 1639 809 1697 in
829 1639 922 1698 lintea
943 1640 1014 1713 soli,

317 1718 384 1794 ipsa
403 1725 456 1778 tua
477 1737 596 1779 moveas
617 1719 737 1794 turgida
758 1720 825 1778 vela
846 1738 943 1778 manu.

277 1797 393 1873 primus
413 1817 469 1874 ego
489 1799 654 1875 adspiciam
674 1805 775 1857 notam
796 1800 834 1858 de
854 1799 941 1858 litore
962 1800 1102 1876 puppim,

318 1885 349 1937 et
369 1880 466 1938 dicam
488 1885 623 1953 „nostros
643 1879 766 1938 advehit
785 1879 838 1937 illa
859 1879 959 1952 deos'’,

219 1958 258 2015 45
278 1959 486 2036 excipiamque
507 1959 655 2032 humeris,
677 1966 708 2018 et
728 1959 823 2017 multa
844 1959 908 2018 siue
929 1959 1033 2018 ordine
1054 1977 1175 2036 carpam

319 2040 433 2098 oscula:
455 2058 509 2115 pro
529 2039 629 2098 reditu
650 2039 771 2098 victima
791 2046 859 2097 vota
879 2040 974 2098 cadet.

279 2117 369 2195 inque
390 2120 448 2177 tori
467 2121 593 2178 formam
614 2119 719 2177 molles
741 2125 912 2178 sternentur
932 2120 1074 2192 harenae,

318 2205 349 2257 et
369 2200 505 2258 tumulus
526 2216 645 2258 mensae
666 2199 793 2275 quilibet
813 2200 908 2258 instar
927 2199 992 2258 erit.

278 2277 341 2338 illic
361 2279 498 2355 adposito
518 2279 652 2337 narrabis
674 2279 768 2337 mirlta
789 2279 905 2353 Lyaeo:

222 2357 259 2415 to
318 2376 412 2434 paene
434 2359 474 2417 sit
494 2366 529 2417 ut
549 2358 657 2417 mediis
677 2360 783 2417 obruta
803 2359 888 2418 navis
908 2359 1009 2435 aquis,

280 2437 411 2515 dumque
424 2439 463 2497 ad
478 2457 525 2498 me
539 2456 694 2515 properas,
708 2457 806 2515 neque
820 2438 940 2515 iniquae
954 2445 1088 2514 tempora
1102 2439 1197 2498 noctis

318 2537 374 2578 nec
394 2524 425 2577 te
446 2519 626 2595 praecipites
646 2518 824 2577 extimuisse
844 2518 946 2577 Notos.

280 2598 377 2656 omnia
397 2617 452 2675 pro
472 2599 552 2658 veris
573 2598 707 2671 credam,
730 2598 790 2656 sint
810 2600 878 2657 ficta
899 2598 1009 2658 licebit.

319 2697 373 2737 cur
394 2697 450 2753 ego
470 2697 529 2737 non
550 2678 628 2737 votis
650 2678 785 2737 blandiar
805 2678 870 2754 ipse
892 2679 987 2738 meis?

224 2756 447 2817 teneamini
468 2759 707 2835 quamprimum
730 2758 811 2817 caelo
832 2758 1032 2817 nitidissimus
1053 2760 1113 2818 alto

319 2838 442 2897 Lucifer
461 2838 591 2897 admisso
612 2842 746 2914 tempora
767 2845 865 2913 portet
886 2857 970 2915 equo.

628 3106 735 3113 .—

129 3358 311 3426 1101111111.-
332 3358 378 3412 29.
404 3363 519 3411 sidera
541 3362 662 3412 Ledae:
688 3362 781 3413 Castor
803 3379 837 3413 en
862 3365 967 3429 Pollux,
992 3367 1048 3415 niet
1071 3368 1103 3416 de
1126 3372 1242 3430 sterren,

130 3438 201 3474 maur
215 3429 259 3478 het
276 3430 469 3493 zoogenaamde
487 3428 524 3478 St.
542 3430 634 3479 Elmus
652 3446 734 3492 vuur,
753 3432 800 3479 dat
817 3433 872 3481 zich
891 3432 1011 3496 somtijds
1028 3434 1056 3482 in
1070 3436 1245 3500 stormachtig

131 3491 213 3541 weder
234 3511 265 3558 op
289 3497 322 3545 de
346 3501 443 3558 toppeu
466 3510 517 3544 van
541 3511 612 3560 raas,
636 3498 686 3546 ook
709 3512 743 3560 op
766 3499 799 3545 de
816 3499 916 3561 spitsen
934 3514 984 3548 van
1002 3505 1092 3551 terens
1109 3508 1244 3566 vertoont,

131 3571 165 3605 en
186 3559 244 3610 door
265 3563 298 3611 de
321 3563 411 3611 auden
434 3564 473 3611 als
496 3577 545 3611 een
569 3563 806 3626 heilvoorspellend
824 3566 921 3614 techen
938 3568 1009 3615 werd
1027 3567 1193 3618 beschouwd.
1212 3596 1239 3604 -

131 3619 176 3673 34.
197 3624 351 3690 Galatea,
374 3643 440 3678 eene
463 3631 610 3692 zeenymph
633 3645 667 3679 en
691 3631 801 3680 dochter
824 3647 875 3680 van
899 3633 950 3681 den
974 3635 1069 3697 zeegod
1091 3635 1193 3684 Nereus
1211 3652 1244 3685 en

131 3702 165 3738 en
180 3692 262 3758 Doris,
279 3697 311 3745 de
329 3696 443 3759 geliefde
461 3711 511 3745 van
529 3696 716 3760 Polyphemus.
728 3724 761 3731 -
774 3694 820 3748 43.
839 3700 989 3763 puppim:
1008 3700 1066 3749 hier
1079 3703 1244 3764 1001101111,

133 3755 181 3806 den
197 3763 378 3812 achtersteven
395 3776 447 3811 van
464 3763 512 3812 het
528 3763 601 3825 schip
619 3764 670 3813 ziet
687 3763 723 3826 hij
743 3765 892 3830 natuurlijlr
909 3767 966 3815 niet
982 3768 1012 3816 ol
1026 3769 1125 3817 slechts
1139 3768 1244 3832 gedeel-

132 3823 257 3888 10111.-
273 3825 320 3879 49.
340 3829 464 3892 Lyaeo:
482 3829 585 3891 Lyaeus
603 3843 656 3878 was
674 3831 706 3878 de
724 3830 841 3895 bijnaam
858 3847 908 3881 van
927 3834 1045 3882 Bacchus
1062 3836 1101 3882 als
1114 3834 1245 3897 bevrijder

136 3883 283 3954 (11011110
301 3910 411 3958 zorgen,
429 3896 488 3944 hier
504 3897 698 3960 metonymisch
716 3913 779 3946 1001
796 3899 847 3947 den
866 3900 935 3962 wijn.
