2850 4409
629 225 684 282 165

257 416 304 482 nt,
325 411 406 487 quad
425 428 479 468 vas
501 410 600 480 scitis,
621 428 734 486 poenae
755 427 873 486 queque
895 407 1004 467 sentiat
1023 413 1141 480 auctar3

203 489 238 547 40
297 491 413 566 placato
434 508 556 567 possum
576 508 636 548 ncn
657 490 749 548 miser
768 507 836 547 esse
857 488 943 547 de0.’'
1018 523 1020 529 ι

258 570 312 629 hac
331 589 421 646 prece
441 571 560 629 adoravi
583 587 707 646 superas
728 587 799 645 ega,
820 567 957 645 pluribus
977 586 1069 638 uxor,

227 665 229 670 ’
252 686 256 694 -
298 650 436 725 singultu
452 650 567 709 medios
586 649 770 726 impediente
791 666 887 707 sonas,

259 730 309 788 illa
329 730 419 789 etiam
439 736 508 789 ante
528 731 608 788 lares
628 729 725 805 passis
745 730 879 787 adstrata
899 727 1016 803 capillis
1096 752 1098 756 ¹

251 829 253 837 ’
297 810 422 885 contigit
439 810 592 869 extinctos
612 828 662 868 cre
683 815 829 868 tremente
850 808 946 880 faces,

203 890 239 946 45
259 889 411 967 multaque
431 890 463 948 in
483 891 625 949 adversas
646 889 753 949 effudit
774 890 863 959 verba
883 893 1007 963 penates

297 987 352 1045 pro
373 970 528 1046 deplorata
547 988 606 1028 non
627 970 755 1028 valitura
776 968 847 1026 vira.

258 1049 377 1126 iamque
398 1068 496 1109 marae
517 1050 647 1125 spatium
669 1068 728 1107 ncx
750 1048 943 1125 praecipitata
963 1049 1104 1123 negabat,

298 1147 444 1207 versaque
464 1132 501 1189 ab
521 1149 578 1189 axe
599 1148 653 1188 sno
674 1129 830 1187 Parrhasis
851 1135 948 1187 arctas
969 1134 1041 1186 erat.

248 1209 331 1292 ¹quid
352 1211 501 1269 tacerem?
523 1211 631 1269 blanda
650 1209 765 1285 patriae
785 1208 935 1267 retinebar
954 1225 1068 1266 amore:

205 1289 240 1346 50
300 1290 404 1348 ultima
425 1290 479 1349 sed
498 1290 598 1348 iussae
618 1308 678 1347 nox
699 1295 764 1347 erat
783 1289 835 1347 illa
855 1289 952 1363 fugae.

259 1369 311 1427 ah!
333 1369 473 1446 quotiens
493 1370 593 1446 aliquo
615 1370 679 1427 dixi
699 1374 893 1445 properante:
916 1368 1007 1445 „quid
1027 1370 1139 1443 urges?

299 1449 348 1507 vel
368 1468 427 1526 qua
448 1450 572 1509 festinas
593 1450 651 1523 ire,
673 1451 723 1508 vel
743 1449 838 1520 unde,
860 1448 965 1507 vider’

259 1530 312 1587 alr!
334 1529 473 1608 quotiens
493 1537 604 1588 certam
625 1548 673 1589 me
695 1548 761 1588 snm
783 1529 926 1587 mentitus
947 1529 1057 1605 habere

299 1610 416 1682 haram,
438 1609 607 1685 prepositae
629 1628 704 1686 quae
725 1610 802 1667 foret
822 1616 891 1684 apta
912 1608 993 1667 viae!

207 1689 242 1744 55
262 1694 308 1747 ter
328 1689 420 1748 limen
442 1690 542 1765 tetigi,
564 1696 611 1748 ter
632 1708 698 1747 snm
719 1696 890 1761 revocatus,
911 1689 1027 1764 etipse

299 1769 460 1845 indulgens
481 1770 579 1828 enimc
599 1788 654 1845 pes
675 1770 749 1827 mihi
770 1770 874 1827 tardus
895 1774 966 1827 erat.

263 1866 351 1925 saepe
372 1850 438 1908 vale
460 1850 539 1908 dicto
560 1867 666 1908 rursus
688 1868 754 1907 snm
777 1851 871 1907 multa
890 1850 1027 1921 locutus,

301 1938 332 1987 et
352 1930 438 2007 quasi
460 1929 620 1989 discedens
642 1931 744 1988 oscula
765 1947 880 1987 summa
902 1929 980 1988 dedi.

263 2027 351 2090 saepe
371 2011 634 2068 eademmandata
656 2010 741 2082 dedi,
763 2028 870 2086 meque
890 2010 956 2085 ipse
976 2007 1084 2078 fefelli,

207 2088 242 2146 60
301 2090 465 2165 respiciens
487 2090 584 2149 oculis
605 2090 729 2165 pignora
750 2109 817 2148 cara
837 2090 920 2148 meis

263 2169 391 2245 denique
400 2169 637 2246 „quidprcperc?
649 2169 773 2244 Scythia
780 2177 834 2241 est,
843 2188 901 2246 quo
910 2167 1221 2243 nrittimur,”inquam,

303 2249 414 2322 „Roma
435 2250 631 2326 relinquenda
651 2257 706 2308 est.
728 2257 855 2326 utraque
875 2250 954 2307 iusta
976 2267 1056 2306 mora
1077 2253 1131 2305 est.

262 2348 339 2387 uxcr
358 2331 390 2386 in
411 2336 565 2388 aeternnm
587 2330 654 2387 vivo
677 2329 749 2388 mini
771 2331 838 2387 viva
859 2336 998 2403 negatur,

302 2416 333 2467 et
354 2410 461 2468 damus
481 2416 512 2469 et
532 2410 609 2468 fidae
631 2409 730 2467 dulcia
751 2411 881 2468 membra
902 2410 1021 2481 domus,

209 2489 399 2567 aequasque
420 2508 475 2564 ega
495 2490 625 2548 fraterna
646 2490 740 2548 <lilexi
762 2508 843 2548 more
864 2490 997 2561 sodales,

304 2569 416 2627 omihi
439 2569 554 2628 Thesea
574 2576 694 2644 pectora
714 2570 816 2628 iuncta
837 2570 911 2628 fide!

265 2649 336 2706 dum
357 2648 445 2722 licet,
466 2650 636 2725 amplectar.
659 2668 820 2726 numquam
842 2650 968 2708 tortasse
989 2650 1091 2709 licebit

303 2729 441 2804 amplius.
462 2729 494 2786 in
514 2729 597 2787 lucro
618 2735 665 2787 est
685 2748 762 2805 qliae
783 2730 871 2788 datur
892 2731 964 2787 hcra
984 2729 1086 2788 mjhiss’

263 2826 319 2866 nec
339 2827 436 2881 mora,
458 2809 605 2867 sermonis
627 2811 717 2868 verba
737 2809 911 2885 imperfecta
932 2810 1100 2886 relinquas

122 2929 264 2943 ...ξ-

121 3003 207 3066 tigheid
225 3009 246 3058 is
262 3011 313 3058 wel
331 3010 442 3057 corzaak
460 3024 511 3058 van
529 3010 666 3072 schuld‚
684 3024 759 3058 maer
777 3010 799 3059 is
816 3025 883 3073 geen
899 3010 1059 3058 misdaad.
1078 3009 1135 3072 Vgl.
1147 3009 1225 3057 Trist.

121 3066 144 3130 2,
153 3070 210 3123 103:
227 3090 274 3124 cur
291 3076 455 3137 imprudenti
466 3076 572 3135 cognita
583 3078 661 3138 culpa
673 3075 740 3124 mihi
752 3080 800 3125 est.
813 3102 846 3109 —
857 3072 905 3126 44.
924 3082 980 3125 ext
989 3076 1101 3124 inctos
1119 3076 1226 3134 focos:

121 3135 146 3183 de
166 3138 240 3190 Lares
264 3142 369 3191 hadden
393 3143 485 3191 hunne
509 3144 594 3204 plaats
616 3143 644 3191 in
666 3143 713 3190 het
730 3143 856 3191 lanarium
873 3144 902 3191 oi
917 3143 1062 3192 sacrarium
1081 3146 1158 3190 naast
1174 3142 1226 3189 den

121 3200 204 3266 heard,
227 3222 331 3271 waarop
354 3208 382 3256 in
406 3208 490 3269 tijden
514 3224 565 3257 ran
588 3224 662 3257 ronw
685 3223 719 3257 en
742 3208 883 3258 draefheid
908 3210 953 3258 het
971 3225 1040 3257 vuur
1058 3209 1114 3257 niet
1130 3208 1226 3257 ander-

121 3267 213 3322 hcuden
231 3275 310 3324 werd.
327 3299 361 3308 —
378 3270 425 3324 48.
445 3275 624 3324 Parrhasis
642 3281 769 3324 arctas:
788 3290 832 3324 zac
850 3277 934 3324 werdt
952 3279 998 3324 het
1014 3275 1175 3324 sterrebeeld
1194 3276 1227 3323 de

120 3344 198 3396 grecte
215 3341 279 3390 Beer
295 3342 440 3405 gennem,
464 3342 555 3390 cmdat
572 3341 692 3404 Calliste,
714 3356 780 3390 eene
796 3342 914 3405 jageres,
932 3343 974 3391 die
991 3344 1019 3390 in
1037 3343 1076 3391 dit
1093 3346 1228 3406 gesternte

119 3406 251 3456 remnderd
263 3408 350 3471 werd,
368 3408 409 3455 uit
421 3408 530 3457 Arcadii}
541 3423 607 3470 was,
623 3423 757 3457 waarvoor
770 3409 827 3457 hier
838 3409 1060 3473 averdrachtelijk
1074 3409 1228 3473 Parrhasia3

120 3471 168 3518 stad
184 3487 216 3522 en
232 3474 378 3537 landschap
395 3475 423 3523 in
442 3473 593 3537 zum-Arc,
617 3489 747 3537 genomen
765 3476 795 3523 is.
823 3476 859 3523 De
878 3476 981 3525 dichter
997 3476 1115 3540 bedaelt,
1133 3477 1179 3525 dat
1196 3477 1228 3525 de

120 3538 191 3587 nacha
206 3542 280 3590 reeds
297 3540 371 3604 bijna
388 3548 439 3589 ten*
451 3541 528 3590 einde
546 3555 613 3602 was;
632 3542 669 3589 zie
686 3556 723 3589 vs.
742 3540 787 3603 Ἡ,
806 3541 845 3589 7⁶2.
859 3568 893 3574 —
907 3538 951 3593 57.
971 3545 1045 3592 vale
1063 3544 1085 3592 is
1103 3544 1162 3592 hier
1179 3544 1229 3593 dus

120 3603 231 3675 gebruikt
253 3609 292 3656 als
315 3622 364 3656 een
389 3607 587 3657 substantivum
611 3607 804 3656 indeclinabile.
827 3634 860 3641 -
882 3604 926 3658 62.
951 3614 1100 3673 utraque
1124 3626 1228 3659 mara:

120 3680 146 3716 m
167 3672 290 3723 baderlei
313 3674 418 3736 opzicht
435 3671 543 3733 (zocwel
561 3675 651 3722 amdat
667 3674 694 3721 ik
712 3675 760 3722 het
777 3675 889 3737 geliefde
907 3676 988 3724 Reme
1007 3682 1079 3725 maet
1096 3678 1229 3738 veneten,

120 3735 153 3783 als
174 3740 262 3790 amdat
284 3740 312 3789 ik
337 3754 403 3788 naar
425 3740 472 3788 het
491 3741 622 3803 ellendige
640 3739 749 3802 Scythie
766 3740 848 3802 meet)
866 3742 889 3788 ia
908 3745 1010 3791 tulmen
1026 3744 1179 3806 pewettipd.
1196 3768 1229 3776 -—

120 3793 159 3849 64.
179 3807 340 3869 membra,
359 3808 424 3854 alles
443 3812 496 3854 wat
513 3812 553 3855 tat
570 3807 617 3854 het
634 3807 696 3854 huis
713 3807 831 3856 behoart.
849 3832 883 3841 -
900 3804 945 3857 66.
963 3808 1092 3858 Thesea
1107 3847 1130 3859 ..
1145 3810 1229 3858 fide:

119 3868 164 3929 vgl.
180 3886 214 3921 vs.
231 3872 264 3921 15
280 3871 380 3951 θη.1.6;
399 3872 517 3921 Theseus
535 3888 589 3920 was
606 3878 662 3949 met
679 3873 711 3921 de
730 3874 851 3951 hechtste
866 3875 1158 3937 vriendschapsbanden
1171 3891 1230 3924 ver·

120 3931 214 3986 handen
230 3954 279 3988 aan
299 3939 448 4002 Pisidiam,
465 3954 514 3987 een
532 3940 579 3987 der
596 3938 733 4001 Lapithen.
759 3938 831 3988 ond.
850 3940 955 3989 Metam.
974 3940 1128 4003 vl11‚303;
1150 3941 1229 4003 Soph.
