2850 4409
24 381 25 398 ¹
90 399 127 447 die
145 413 191 447 om
211 398 263 462 zijn
281 399 383 463 ernstig
400 413 433 448 en
446 404 537 462 stieng
550 398 674 448 larakter
686 399 720 463 bij
736 399 874 462 Augustus
884 400 912 447 in
925 399 994 463 hoog
1006 400 1116 448 aanzien
1130 401 1215 448 stond.

91 465 130 514 llit
155 465 287 530 huwelijh
310 480 364 514 was
387 480 446 514 zeer
468 466 597 528 gelulrhig
614 480 648 515 en
666 470 723 514 met
740 466 795 513 drie
813 466 941 515 kinderen
959 464 1098 529 (Lepidus,
1117 466 1216 515 Paulus

91 545 119 580 en
137 545 190 579 een
209 531 314 594 meisje)
332 532 472 596 gezegend.
491 530 612 581 Cornelia
629 532 707 581 stierf
723 530 816 592 laada
833 548 855 581 v.
872 530 933 582 Chr.
952 532 1018 581 Kort
1029 534 1129 582 daarna
1140 533 1218 582 stierf

91 599 137 647 ook
162 599 325 660 Propertius.
352 599 418 648 Deae
441 598 509 663 zijne
534 600 628 647 iaatste
646 599 744 662 elegie,
767 613 816 647 een
833 599 980 662 epicedium
1000 594 1171 662 (ἐπικήδειον)
1189 600 1218 648 ol

91 665 255 728 treurdicht,
279 666 363 714 wordt
384 667 441 714 niet
465 671 511 714 ten
534 666 660 714 onreehte
684 666 747 714 door
771 665 934 715 Valckenaer
956 666 1103 729 elegiarum
1124 667 1216 729 regina

91 732 236 794 genoemd,
261 732 386 781 olschoon
409 733 442 781 de
465 733 529 781 echt
551 732 727 781 Romeinsche
750 737 813 781 toon
838 747 900 781 voor
922 747 970 781 ons
992 734 1083 796 gevoel
1106 733 1164 781 hier
1181 748 1215 781 en

91 798 153 875 daar
172 798 278 874 minden
294 800 404 861 passend
422 799 560 848 voorhomt
578 813 611 847 eu
629 799 662 848 de
679 799 887 863 moeilijkheden
904 799 932 848 in
948 799 980 847 de
995 799 1146 862 verklaring
1160 801 1217 848 niet

91 879 184 928 garing
202 880 262 927 ern.

255 1030 378 1102 Desine,
400 1030 508 1102 Paule,
530 1048 631 1089 meum
650 1030 786 1088 lacrimis
807 1047 914 1104 urgere
935 1030 1123 1106 sepulcrum:

293 1110 435 1185 panditur
455 1110 494 1168 ad
514 1110 612 1168 nullas
633 1109 722 1167 ianua
742 1109 828 1184 nigra
847 1128 961 1185 preces,

255 1208 323 1247 cum
343 1190 436 1249 semel
456 1190 588 1248 infernas
608 1190 759 1247 intrarunt
778 1189 883 1247 funera
904 1190 1001 1264 leges,

294 1288 352 1328 non
372 1276 493 1329 exorato
515 1275 595 1328 stant
615 1270 772 1328 adamante
793 1269 867 1327 viae.

217 1350 234 1405 5
255 1355 285 1407 te
303 1350 375 1409 licet
395 1356 527 1408 orantem
548 1350 650 1408 fuscae
671 1349 747 1408 deus
767 1349 869 1407 audiat
889 1349 989 1408 aulae:

294 1447 400 1505 nempe
421 1436 489 1488 tuas
509 1429 647 1487 lacrimas
667 1429 755 1487 litora
776 1428 866 1487 surda
886 1430 996 1487 bibent.

255 1513 322 1567 vota
341 1515 462 1568 movent
483 1527 622 1585 superos:
645 1508 695 1567 ubi
717 1508 843 1584 portitor
862 1527 931 1567 aera
951 1508 1079 1585 recepit,

295 1590 412 1648 obserat
432 1590 586 1647 umbrosos
607 1587 705 1646 lurida
726 1595 811 1664 porta
832 1606 927 1663 rogos.

257 1673 290 1726 ut
309 1675 439 1728 maestae
460 1668 594 1728 cecinere
614 1669 718 1742 tubae,
741 1686 811 1727 cum
833 1667 951 1727 subdita
972 1674 1106 1727 nostrum

200 1748 236 1805 10
296 1749 465 1808 detraheret
485 1750 562 1807 lecto
583 1749 635 1806 fax
655 1747 776 1807 inimica
797 1754 901 1824 caput,

257 1828 328 1904 quid
348 1829 423 1887 mihi
443 1828 615 1903 coniugium
635 1827 737 1900 Pauli,
759 1827 832 1904 quid
854 1845 962 1886 currus
982 1846 1105 1887 avorum

294 1909 405 1984 profuit
426 1915 478 1966 aut
497 1909 593 1967 famae
614 1908 738 1983 pignora
759 1913 841 1966 tanta
861 1909 964 1966 meae?

256 2006 327 2045 num
349 1989 448 2046 minus
468 1988 590 2046 inmites
610 1987 700 2046 habui
722 1987 859 2046 Cornelia
879 1987 1008 2045 Parcas?

294 2086 331 2126 cn
353 2086 434 2141 sum,
456 2068 537 2145 quod
558 2067 661 2142 digitis
682 2067 814 2144 quinque
835 2068 964 2139 levatur,
986 2085 1069 2126 onus

198 2148 235 2204 15
255 2148 410 2206 damnatae
430 2154 533 2206 noctes
554 2154 584 2206 et
604 2165 673 2220 vos,
694 2148 770 2205 vada
791 2147 886 2218 lenta,
907 2146 1048 2223 paludes,

295 2234 325 2286 et
346 2245 551 2305 quaecumque
572 2245 654 2286 meos
674 2227 809 2302 implicat
830 2227 909 2284 unda
930 2227 1038 2302 pellea,

254 2307 412 2365 immatura
431 2308 515 2379 licet,
537 2313 636 2366 tamem
657 2308 718 2365 huc
740 2325 798 2365 non
819 2306 909 2364 noxia
930 2306 1013 2364 veni:

294 2388 346 2446 det
366 2393 452 2463 pater
472 2387 522 2445 hic
543 2388 664 2446 umbrae
686 2386 787 2444 mollia
807 2386 873 2444 iura
893 2404 985 2444 meae.

253 2473 305 2525 aut
326 2466 421 2544 siquis
442 2468 539 2543 posita
558 2467 652 2525 iudex
674 2467 759 2525 sedet
779 2468 896 2525 Aeacus
917 2485 1004 2538 urna,

196 2547 232 2604 20
291 2547 319 2605 is
340 2566 406 2606 mea
426 2546 530 2605 sortita
550 2546 682 2605 vindicet
702 2564 770 2604 ossa
790 2545 866 2622 pila:

99 2699 254 2707 *-

131 2785 159 2839 4.
185 2790 268 2839 viae:
293 2791 325 2839 de
343 2790 412 2838 fores
429 2789 590 2838 inferorum:
614 2791 665 2852 vgi.
685 2789 760 2852 Verg.
779 2788 843 2837 Aen.
862 2787 910 2851 VI,
928 2787 990 2838 552:
1015 2792 1091 2849 porta
1108 2788 1217 2837 adversa

100 2856 190 2918 ingens
218 2858 353 2920 solidoque
383 2856 525 2905 adamante
552 2857 705 2917 columnae,
736 2857 774 2904 vis
802 2861 831 2903 ut
857 2856 931 2903 nulla
958 2856 1059 2915 virum,
1089 2869 1142 2903 non
1167 2855 1217 2916 ipsi

99 2922 232 2971 excindere
254 2924 324 2973 bello
346 2924 487 2972 caelicolae
510 2924 629 2971 valeant:
653 2927 707 2971 stat
730 2923 818 2971 ferrea
840 2923 922 2970 turris
945 2921 977 2969 ad
1002 2935 1081 2969 auras
1103 2935 1159 2969 enz.
1182 2945 1216 2953 -

100 2984 126 3038 7.
144 2991 302 3051 portitor:
321 2987 439 3052 Charon,
458 2991 509 3052 vgl.
522 2988 598 3051 Verg.
608 2989 672 3038 Aen.
685 2988 731 3050 VI,
744 2987 806 3037 298:
825 3003 886 3037 voor
898 3002 947 3037 een
961 2987 1083 3051 veergeld
1096 2983 1216 3048 (ναῦλον,

101 3050 223 3118 dordan),
239 3058 286 3107 dat
303 3071 366 3105 men
383 3056 435 3104 den
453 3056 554 3105 dooden
571 3056 599 3104 in
616 3056 668 3104 den
685 3056 767 3104 mond
785 3055 874 3118 legde,
892 3055 986 3104 voerde
1004 3053 1040 3118 hij
1060 3068 1088 3102 ze
1105 3068 1167 3102 over
1184 3054 1216 3101 de

100 3127 213 3172 wateren
230 3138 279 3172 van
297 3124 330 3171 de
346 3123 542 3181 onderwereld,
559 3123 649 3171 luven.
668 3122 717 3185 111,
732 3120 790 3170 267.
804 3147 837 3154 —
849 3117 876 3172 8.
895 3136 994 3185 rogos
1011 3135 1074 3169 voor
1084 3120 1216 3183 sepulcra,

101 3188 296 3253 cf.1v‚o‚10.
314 3186 391 3240 -9,
416 3190 531 3251 tubae,
553 3190 603 3252 vgl.
621 3188 672 3252 111,
690 3188 720 3250 5,
738 3188 762 3237 ll.
780 3214 813 3222 -
831 3183 867 3238 10.
892 3189 1034 3237 lectonl.
1053 3187 1217 3236 delectus

103 3255 266 3319 funebris,
290 3258 322 3305 de
340 3256 417 3319 baar,
439 3270 544 3318 waarop
561 3256 594 3303 de
611 3255 694 3319 lijken
712 3269 778 3303 naar
794 3256 847 3303 den
863 3255 1034 3317 brandstapel
1051 3254 1081 3302 of
1096 3254 1143 3302 het
1159 3254 1219 3316 graf

102 3321 203 3371 werden
226 3325 372 3387 gedragen3
395 3322 445 3371 ook
468 3323 518 3371 wel
542 3336 672 3384 genomen
696 3337 758 3370 voor
781 3322 833 3370 den
855 3321 1026 3383 brandstapel
1044 3320 1107 3383 zeli,
1132 3322 1217 3369 zooals

104 3388 172 3450 hier,
193 3395 262 3439 want
284 3391 376 3439 lecto
399 3388 510 3437 behoort
532 3388 566 3451 bij
591 3388 746 3449 subdita3
771 3388 975 3437 detraheret
991 3392 1062 3436 staat
1078 3387 1218 3449 absolunt3

103 3459 200 3515 caput
215 3457 236 3505 is
251 3456 417 3520 synecdoche
436 3469 497 3521 uoor
514 3470 644 3517 eorpus.
658 3481 691 3489 -
704 3452 732 3504 ΙΙ.
751 3470 874 3504 currus
891 3469 1043 3516 avorum,
1061 3455 1094 3502 de
1111 3456 1218 3518 gouden

104 3519 310 3587 triumphwagen
328 3536 379 3571 van
392 3520 482 3584 Scipio
495 3521 672 3584 Aemilianus,
691 3522 729 3570 zie
742 3537 778 3570 vs.
791 3519 831 3570 30.
844 3547 878 3555 -
891 3518 926 3572 12.
945 3522 1088 3584 pignora
1107 3526 1218 3583 tanta,

104 3586 168 3634 hare
182 3588 234 3638 drie
250 3590 387 3639 kinderen.
405 3614 439 3622 -
456 3585 491 3638 13.
519 3586 693 3650 Cornelia,
711 3589 755 3651 ilc,
772 3603 835 3637 aene
855 3587 993 3648 Cornelia,¹
1013 3588 1053 3636 of:
1072 3588 1174 3638 hoewei
1190 3589 1217 3637 ik

103 3656 147 3700 tot
165 3653 193 3702 de
214 3655 353 3705 beroemde
377 3669 442 3719 gens
465 3653 588 3704 Cornelia
610 3652 821 3705 habeon—15.
849 3653 912 3702 Hier
935 3655 1019 3702 wordt
1036 3655 1082 3703 het
1098 3655 1218 3704 sombere

103 3718 295 3787 schimmenrijk
320 3723 482 3772 heschreven
508 3736 542 3770 en
566 3722 598 3770 de
622 3721 688 3784 Styx
712 3726 769 3769 met
791 3722 888 3770 andere
912 3726 1028 3769 wateren
1054 3721 1101 3769 der
1123 3722 1218 3770 onder-

104 3786 209 3849 wereld,
227 3790 266 3838 die
283 3790 316 3838 de
331 3789 435 3838 dooden
448 3788 567 3836 beletten
581 3786 752 3849 (implicat)
765 3791 843 3850 terug
854 3791 881 3836 te
895 3788 1000 3836 keeren.
1013 3813 1046 3821 -
1059 3784 1095 3837 18.
1114 3793 1217 3850 pater:

104 3851 134 3899 in
158 3851 185 3900 de
200 3855 377 3905 onderweoeld
396 3854 505 3917 spreekt
522 3854 600 3903 Pluto
618 3855 657 3903 als
674 3849 742 3907 Ζεὺς
760 3850 937 3916 καταχθόνιος
955 3854 1031 3902 recht
1047 3859 1103 3902 met
1119 3854 1218 3912 Minos,

104 3916 201 3968 Aeacus
217 3935 249 3970 en
265 3922 495 3984 Rhadamanthys¹
511 3946 544 3955 -
559 3917 594 3971 19.
615 3935 713 3983 urna,
732 3920 797 3969 Stat.
816 3919 878 3970 Silv.
897 3921 936 3982 Il,
954 3919 983 3983 l,
1001 3918 1063 3981 ala,
1081 3920 1218 3967 immensis

140 4019 269 4077 waima,
287 4014 367 4064 Serta
384 4014 524 4075 Romanu,
542 4012 573 4061 he
591 4014 668 4061 druk.
1134 4008 1151 4054 9
