2850 4409
711 122 750 180 86

331 306 464 366 nendum
484 280 636 367 caeruleas
656 306 747 384 pinus
766 307 979 367 consuenderat
999 307 1109 380 undas,

371 388 501 446 effusum
521 386 619 446 ventis
639 388 876 465 praebueratque
896 388 1011 461 sinum,

331 484 387 526 nea
406 484 501 543 vagus
524 466 634 542 ignotis
654 472 795 544 repetens
814 467 990 543 compendia
1009 467 1098 527 terris

209 587 211 590 ψ
271 547 311 606 40
371 552 522 624 presserat
540 552 665 606 externa
685 547 786 606 navita
806 565 904 607 meree
925 553 1028 607 ratem.

331 626 384 686 illo
404 645 463 686 non
482 626 601 686 validus
622 626 714 686 subiit
734 626 805 703 iuga
824 633 959 703 tempere
978 632 1097 701 taurus,

371 725 431 766 non
452 706 563 766 domito
582 708 684 766 frenes
703 724 754 766 ore
775 706 934 766 momordit
954 725 1064 785 equus,

331 805 391 846 non
410 787 518 846 demus
537 786 600 845 ulle
619 787 699 847 fores
719 787 837 860 habuit,
857 805 917 846 nan
937 788 1017 848 fixus
1038 787 1070 845 in
1089 787 1184 863 agris,

372 866 425 944 qui
445 873 564 943 regeret
584 866 677 926 certis
698 867 808 926 finibus
827 885 913 940 arva,
933 867 1020 944 lapis.

272 948 311 1007 45
331 946 415 1024 ipsae
434 946 525 1006 mella
545 946 655 1006 dabant
675 964 823 1024 quereus,
844 947 982 1024 ultroque
1001 948 1136 1010 ferebant

371 1026 458 1096 obvia
477 1026 591 1087 securis
612 1028 704 1087 ubera
723 1026 811 1086 laetis
831 1045 910 1086 oves,

332 1125 391 1166 non
411 1106 506 1181 acies,
526 1125 586 1166 non
605 1107 650 1166 ira
670 1107 742 1181 fuit,
763 1125 821 1166 non
844 1107 936 1180 bella,
956 1125 1013 1167 nee
1032 1124 1135 1167 ansam

371 1186 480 1246 immiti
501 1204 609 1247 saevus
629 1186 758 1246 duxerat
777 1193 841 1246 arte
861 1187 953 1268 laben

331 1285 411 1326 nune
431 1267 502 1326 Iove
523 1268 578 1326 sub
600 1266 720 1326 domine
740 1267 848 1327 caedes
869 1274 900 1327 et
920 1266 1044 1326 iulnera
1065 1285 1197 1343 semper,

273 1348 311 1406 50
371 1365 452 1406 nune
471 1365 568 1421 mare,
589 1364 669 1406 nune
689 1347 743 1407 leti
764 1347 847 1406 mille
867 1353 991 1423 repente
1011 1346 1087 1407 viae.

331 1445 436 1503 parea,
457 1433 550 1503 pater.
571 1427 712 1487 timidum
732 1445 792 1486 nen
812 1445 860 1487 me
880 1426 1011 1503 periuria
1031 1432 1158 1500 terrent,

371 1525 430 1566 non
451 1507 534 1566 dieta
553 1507 585 1565 in
606 1513 724 1566 sanetus
743 1506 836 1583 impia
856 1507 947 1566 verba
967 1506 1047 1566 deos.

266 1596 268 1600 ’
331 1587 413 1664 quod
433 1586 459 1645 ei
478 1588 586 1646 fatales
605 1587 666 1646 iam
685 1605 766 1646 nune
786 1587 976 1663 explevimus
995 1604 1103 1660 annos,

371 1667 419 1726 fae
438 1667 516 1743 lapis
536 1667 689 1744 insumptis
711 1673 771 1727 stet
791 1684 883 1743 super
902 1684 970 1726 essa
989 1666 1085 1726 netis:

273 1748 311 1805 55
333 1746 408 1821 „Hie
427 1747 506 1807 iaeet
525 1747 634 1806 immiti
654 1753 851 1823 consumptus
871 1753 966 1806 morte
987 1746 1138 1821 Tibullus,

372 1826 531 1887 Messalam
552 1833 632 1886 terra
653 1826 725 1885 dum
747 1826 942 1905 sequiturque
962 1826 1066 1885 mari.‘’

333 1907 387 1967 sed
406 1925 472 1980 me,
491 1907 572 1985 quod
592 1907 689 1967 facilis
709 1913 813 1966 tenero
834 1924 902 1966 sum
923 1925 1043 1984 semper
1061 1905 1179 1978 Amori,

371 1987 437 2063 ipsa
457 1986 485 2043 V
525 2005 562 2046 us
582 2005 703 2064 eampos
725 1986 815 2046 (lueet
834 1987 867 2045 in
885 1986 1015 2062 Elysios.

332 2066 381 2126 hie
402 2069 460 2126 eho
512 2086 529 2127 e
549 2074 716 2144 cantusque
736 2066 852 2143 vigent,
872 2066 1045 2144 passimque
1065 2071 1209 2142 vagantes

273 2148 311 2206 60
373 2147 461 2206 dulae
482 2153 588 2207 sonant
607 2147 691 2207 tenui
712 2153 834 2222 gutture
855 2165 975 2206 maman
994 2164 1079 2220 aves,

332 2228 391 2287 fert
411 2227 522 2287 easiam
542 2246 601 2286 non
621 2227 702 2287 culta
724 2244 826 2303 seges,
846 2232 985 2304 totosque
1005 2244 1166 2303 peragras

371 2308 458 2367 floret
481 2308 611 2367 adoratis
631 2313 711 2367 terra
732 2307 860 2382 benigna
879 2306 972 2383 rosis;

332 2405 367 2446 ae
387 2387 530 2447 iuvenum
551 2388 644 2446 series
665 2387 777 2447 teneris
797 2386 935 2445 immixta
955 2385 1066 2463 puellis

373 2467 466 2541 ludit,
487 2473 518 2527 et
537 2467 658 2526 assidue
679 2467 792 2543 proelia
812 2466 919 2526 miscet
939 2468 1038 2526 Amor.

273 2548 312 2606 65
332 2546 395 2606 illie
414 2553 476 2620 est,
496 2547 675 2624 atticumque
695 2565 788 2623 rapax
809 2564 890 2606 more
911 2546 994 2606 venit
1013 2545 1162 2618 amantis

373 2633 404 2686 et
423 2627 502 2702 gerit
520 2627 632 2703 insigni
655 2632 770 2702 myrtea
791 2633 871 2686 serta
891 2644 983 2685 eoma.

332 2712 363 2766 at
384 2708 528 2767 seelerata
547 2707 625 2767 iaeet
645 2707 734 2766 sedes
754 2707 786 2765 in
805 2712 892 2766 noete
913 2705 1060 2783 protunda

372 2786 487 2861 abdita,
508 2806 599 2864 quam
619 2787 735 2847 circum
754 2787 878 2845 flumina
899 2787 984 2862 nigra
1005 2790 1126 2860 sonant3

333 2867 554 2944 Tisiphoneque
573 2868 706 2944 implexa
721 2868 807 2926 vferes
826 2884 881 2942 pro
901 2866 1034 2926 crinibus
1054 2883 1168 2940 angues

273 2948 312 3007 70
375 2947 484 3021 saevit,
506 2953 536 3006 et
556 2948 616 3006 hue
637 2947 709 3006 illue
730 2946 822 3023 impia
842 2947 930 3006 turba
950 2946 1043 3022 iugit3

332 3034 396 3087 tum
417 3027 504 3103 niger
522 3027 554 3086 in
574 3033 660 3103 porta
680 3033 852 3104 serpentum
875 3026 1022 3086 Cerberus
1043 3043 1093 3084 ore

172 3163 332 3173 n——--

172 3247 200 3296 in
217 3247 250 3296 de
267 3246 372 3309 gouden
390 3260 478 3308 eausa,
496 3224 570 3295 evin.
588 3245 696 3294 Metam.
714 3245 739 3307 I,
757 3241 790 3292 89
801 3258 876 3307 seqq.
889 3268 923 3277 -
935 3239 982 3295 45.
1001 3244 1295 3306 mella..quereus,
1400 3269 1401 3286 t

173 3311 246 3363 ovid„
270 3312 333 3362 Met.
356 3312 382 3375 I,
404 3310 468 3375 lta,
492 3312 612 3375 flavaque
635 3312 668 3360 de
691 3310 770 3359 viridi
792 3310 930 3360 stillabant
946 3311 1006 3360 ilice
1023 3310 1117 3373 mella3
1141 3324 1205 3359 men
1223 3310 1295 3359 hield

172 3380 225 3429 den
242 3379 325 3443 benig
341 3393 404 3428 voor
420 3393 469 3428 een
487 3382 559 3427 seert
575 3392 626 3427 van
643 3378 735 3440 dauw,
756 3376 833 3440 Verg.
851 3375 944 3441 Georg.
961 3376 991 3440 4,
1009 3375 1039 3439 13
1062 3376 1129 3427 doeh
1146 3377 1244 3426 andere
1261 3390 1295 3425 eu

173 3445 354 3509 natuurlijker
370 3443 444 3495 Ovid.
462 3445 550 3493 Amor.
568 3444 618 3508 111,
637 3442 666 3508 8,
684 3443 731 3493 40:
748 3443 821 3492 etin
838 3458 941 3507 quercu
958 3445 1040 3493 mella
1056 3447 1161 3506 reperta
1177 3458 1250 3493 aava.
1262 3468 1295 3477 -

173 3509 220 3563 47.
243 3526 308 3561 nen
327 3512 418 3561 acies
435 3525 521 3575 seqq:
540 3526 607 3574 geen
624 3510 700 3576 strijd
719 3508 802 3572 (werd
819 3524 849 3559 er
865 3510 991 3574 gevoerd,
1010 3508 1093 3572 want)
1110 3524 1140 3559 er
1156 3525 1212 3560 was
1228 3524 1295 3574 gaen

172 3584 264 3643 taern,
281 3593 364 3643 geene
382 3580 505 3638 norlogen
523 3575 619 3639 (want)
636 3592 703 3641 gaen
719 3576 820 3626 zwaard
835 3591 891 3626 enz.
904 3602 937 3611 -
949 3573 995 3628 50.
1014 3591 1104 3630 nune
1121 3590 1226 3639 mare,
1244 3576 1295 3639 vgl.

173 3646 249 3696 Lucr.
262 3644 293 3708 V,
307 3643 381 3695 1000.
394 3669 428 3680 -
441 3640 485 3694 62.
504 3643 685 3708 benigna:
695 3646 774 3693 alma.
786 3669 820 3677 —
832 3639 877 3694 69.
895 3644 1150 3707 Tisiphoneque,
1165 3645 1217 3707 agl.
1229 3642 1295 3692 Aen.

173 3712 222 3775 VI,
239 3710 289 3760 570
306 3725 395 3774 seqq.;
416 3710 447 3773 zij
466 3724 521 3759 was
537 3724 603 3759 eene
620 3711 703 3773 furie,
721 3711 754 3758 de
771 3710 916 3759 wreekster
932 3723 984 3759 van
1000 3710 1052 3759 den
1069 3709 1176 3773 mnard,
1193 3710 1250 3772 die,
1267 3710 1294 3757 in

174 3778 344 3841 vereeniging
367 3781 424 3826 met
447 3777 511 3825 bare
535 3783 636 3825 zusters
657 3776 748 3826 Alecto
765 3790 799 3825 eu
817 3777 953 3840 Megaera,
977 3777 1010 3826 de
1027 3776 1124 3826 beezen
1140 3776 1245 3826 stralte.
1262 3801 1296 3808 -

173 3840 210 3894 71.
233 3846 283 3907 vgl.
302 3842 377 3892 Luer.
395 3843 446 3905 III,
463 3840 537 3892 1011.
554 3868 588 3876 -
605 3846 806 3905 serpentum
823 3858 879 3892 ore
897 3843 1039 3893 stridet:
1061 3842 1097 3907 hij
1117 3843 1167 3893 sist
1183 3843 1247 3893 deor
1263 3843 1295 3891 de
