2850 4409
719 122 776 180 126

385 308 425 366 ad
444 307 631 367 testudineae
652 325 771 367 carmen
791 305 906 367 inerme
926 307 1026 381 lyrae,

347 387 401 446 sed
421 386 503 463 quali
523 387 642 464 aspexit
662 387 826 463 Pelopeum
845 388 1068 463 Agamemnona
1087 389 1188 462 voltu,

386 466 558 544 egessitque
578 467 675 526 avidis
697 466 806 526 Dorica
825 473 923 526 castra
943 467 1039 542 rogis,

285 549 325 605 35
345 553 398 605 aut
417 547 516 623 qualis
536 548 631 606 flexos
652 546 742 606 solvit
761 546 899 621 Pythona
919 564 974 623 per
993 549 1079 608 orbes

387 632 571 703 serpentem,
591 627 718 686 inbelles
739 644 829 703 quem
849 626 976 686 timuere
997 627 1078 687 deae.

346 724 417 765 mox
436 706 479 765 ait
501 726 537 779 „o
556 708 645 782 longa
665 706 770 766 rnundi
791 713 925 766 servator
944 707 981 766 ab
1000 707 1091 781 Alba,

386 789 538 863 Auguste,
558 786 714 847 Hectoreis
735 787 856 862 cognite
876 786 968 845 maior
988 787 1068 860 avis,

346 867 432 926 vince
452 866 542 925 mari:
563 866 623 925 iam
644 872 723 925 terra
743 872 838 926 tuast:
861 866 916 925 tibi
936 866 1045 925 militat
1065 884 1153 925 arcus

286 947 325 1006 40
385 953 416 1006 et
436 947 518 1007 mvet
537 965 576 1005 ex
597 945 731 1006 humeris
751 947 808 1006 hoc
828 964 904 1006 onus
925 964 1011 1005 omne
1031 946 1115 1006 meis.

346 1026 428 1085 solve
449 1032 532 1085 metu
551 1026 694 1102 patriam,
716 1045 793 1102 quae
812 1045 894 1085 nunc
913 1031 943 1086 te
964 1026 1083 1086 vindice
1102 1027 1181 1085 freta

384 1106 517 1182 inposuit
537 1124 641 1182 prorae
662 1107 785 1183 publica
804 1113 873 1166 vota
893 1111 970 1166 tuae.

345 1205 435 1263 quam
455 1185 514 1245 nisi
535 1186 694 1260 defendes,
715 1204 868 1244 murorum
888 1186 1035 1245 Romulus
1055 1204 1152 1261 augur

384 1265 428 1325 ire
449 1266 599 1325 Palatinas
619 1284 679 1325 non
699 1267 775 1326 bene
795 1266 873 1325 vidit
892 1283 972 1326 aves.

284 1348 324 1404 45
345 1365 383 1405 en
402 1345 529 1405 nimium
549 1345 641 1405 remis
661 1346 774 1405 audent
794 1364 902 1422 prope:
925 1352 1028 1422 turpe,
1049 1345 1173 1404 Latinos

383 1426 522 1502 principe
542 1431 573 1485 te
593 1427 706 1485 finctus
727 1426 810 1501 regia
830 1426 897 1485 vela
917 1426 996 1502 pati!

345 1524 401 1566 nec
421 1512 466 1579 te,
487 1506 567 1582 quod
588 1505 693 1565 classis
714 1506 849 1565 centenis
869 1506 997 1581 remiget
1016 1505 1086 1578 alis,

283 1603 285 1607 “
385 1591 511 1646 terreat:
532 1585 626 1644 invito
646 1585 757 1645 labitur
777 1585 830 1644 illa
851 1585 940 1644 mari:

344 1666 485 1743 quodque
505 1667 620 1724 vehunt
639 1684 744 1742 prorae
765 1665 944 1725 Centaunca
965 1683 1038 1724 saxa
1057 1665 1224 1740 minanteS,

286 1746 324 1804 50
385 1745 468 1821 tigna
488 1764 560 1805 cava
580 1751 611 1804 ct
631 1746 728 1821 pictos
748 1745 904 1822 experiere
925 1751 1031 1804 metus.

344 1825 455 1901 frangit
475 1832 506 1886 et
526 1826 637 1884 attollit
656 1825 737 1884 vires
757 1825 789 1883 in
811 1825 906 1884 milite
926 1843 1031 1897 causa3

184 2052 271 2127 getes,
300 2047 406 2096 intonsa
431 2060 519 2107 conia,
544 2045 599 2094 Tib.
626 2059 684 2108 pag.
710 2043 744 2093 95
772 2061 807 2094 rs.
833 2045 863 2108 2,
890 2059 964 2093 maar
989 2042 1126 2125 χωόμενος
1151 2048 1223 2108 κῆρ,
1253 2041 1313 2103 τόξ’

184 2128 296 2176 ωμοισιν
313 2109 384 2176 ἔχων
400 2107 564 2176 ἀμφηρεφέα
582 2128 609 2159 τε
626 2108 762 2175 φαρέτρην
778 2137 812 2146 -
829 2108 905 2159 νυκτὶ
922 2107 1031 2171 ἕοικως,
1049 2112 1079 2160 ll.
1097 2111 1122 2173 Ι,
1140 2111 1186 2174 ll,
1206 2127 1254 2161 zoo
1273 2114 1315 2162 als
1409 2161 1410 2166 ,

183 2185 246 2229 taen
264 2180 300 2244 hij
318 2180 429 2229 toornde
445 2194 478 2242 op
496 2179 693 2242 Agamemnon,
710 2179 753 2227 die
771 2179 803 2227 de
818 2179 928 2228 doohter
940 2192 991 2227 van
1004 2178 1055 2243 zijn
1068 2178 1180 2241 priester
1192 2176 1317 2244 Chryses

184 2248 241 2296 niet
262 2247 341 2296 wilde
364 2246 410 2310 vrij
435 2248 517 2295 laten.
534 2271 568 2279 —
585 2242 630 2296 33.
655 2245 851 2308 Pelopeum,
876 2247 927 2309 rgl.
951 2244 1007 2294 Cat.
1027 2245 1119 2308 LXIV,
1143 2260 1180 2294 vs.
1198 2243 1261 2295 346.
1281 2271 1316 2280 -

184 2310 230 2364 34.
254 2314 469 2377 egessitque:
493 2327 608 2376 egero,
632 2313 691 2361 hier
707 2312 859 2376 dichterlijk
877 2326 939 2361 roor
955 2312 1082 2375 effero,
1099 2316 1141 2361 ter
1159 2313 1315 2376 bepravinp

183 2381 213 2430 of
229 2381 414 2442 verbrandiap
432 2380 608 2442 ωεράναρεη,
632 2379 661 2428 of
676 2380 857 2442 algemeener:
883 2380 1022 2442 tetcterde,
1044 2379 1187 2429 calvolktc.
1214 2379 1315 2442 Apollo

184 2447 236 2495 had
260 2448 296 2496 nl.
320 2447 352 2495 de
376 2451 434 2509 pest
455 2446 538 2495 onder
561 2446 608 2494 het
629 2447 702 2527 leger
719 2446 861 2509 gezonden.
879 2471 912 2480 -
930 2446 1052 2495 Dorica
1070 2461 1100 2489 =
1119 2444 1262 2496 Graeca.
1280 2472 1316 2481 —

183 2510 229 2564 35.
253 2513 424 2577 Pythona:
448 2513 480 2560 de
505 2513 607 2576 python
625 2508 743 2575 (oudam)
761 2527 815 2561 was
832 2527 881 2561 een
899 2513 995 2574 draak,
1019 2513 1051 2561 de
1069 2527 1131 2561 zoon
1152 2526 1204 2561 van
1221 2511 1314 2576 Gaea,

183 2581 226 2629 die
249 2580 296 2628 het
318 2579 409 2629 arahel
432 2585 459 2627 te
483 2579 578 2641 Delphi
601 2579 752 2641 bewaakte,
777 2584 817 2628 tot
841 2579 877 2643 hij
902 2580 965 2629 door
987 2579 1079 2641 Apollo
1101 2579 1202 2640 gedood
1220 2582 1314 2641 werd3

183 2641 274 2695 Πυθώ
297 2647 326 2695 os
343 2641 450 2695 Hvdn'rv
468 2660 523 2694 was
539 2645 589 2695 coh
607 2646 639 2694 de
657 2646 726 2695 oude
744 2660 822 2695 naam
840 2660 891 2694 van
909 2646 1013 2709 Delphi.
1030 2671 1064 2680 -
1081 2641 1126 2696 36.
1150 2646 1249 2709 deae,
1276 2649 1315 2698 nl.

184 2714 289 2775 Musae,
313 2713 355 2762 die
378 2728 411 2775 op
435 2713 486 2761 den
509 2712 617 2761 Helicon
634 2713 770 2762 woonden.
797 2713 835 2761 De
853 2713 1055 2762 handschriften
1072 2712 1177 2762 hebben
1195 2714 1315 2776 lyrae,
1407 2759 1408 2780 ,

183 2795 248 2829 eene
273 2780 430 2829 overdracht
455 2793 506 2828 van
529 2779 698 2842 beteekenis,
723 2779 765 2828 die
789 2780 845 2829 niet
868 2780 1009 2842 vendedigd
1035 2779 1087 2828 han
1111 2780 1220 2829 worden
1245 2781 1315 2830 door

185 2847 343 2910 palma:
362 2847 487 2909 victor,
511 2850 584 2894 want
600 2846 653 2894 dan
671 2861 719 2895 nou
737 2861 799 2895 men
816 2851 922 2896 moeten
940 2846 1044 2895 hebben
1062 2848 1139 2910 lyra
1157 2862 1187 2889 =
1206 2853 1315 2909 poeta

182 2929 217 2963 en
232 2920 367 2977 poeta:
377 2926 474 2962 musa.
492 2912 635 2962 Misschien
647 2913 726 2962 stond
738 2914 766 2961 in
778 2927 828 2961 een
840 2913 1008 2962 handschritt
1016 2917 1094 2962 naast
1106 2914 1183 2962 deae
1196 2919 1239 2963 ter
1251 2930 1314 2964 rer·

183 2981 289 3044 klaring
300 2995 352 3030 van
365 2981 471 3044 lyrae,
485 2984 560 3028 want
570 2980 663 3029 sollers
676 2980 753 3042 lyrae
765 2979 846 3029 Musa
857 2984 916 3043 zegt
928 2979 1059 3028 Horatius.
1068 3005 1102 3014 -
1110 2975 1156 3031 38.
1176 2982 1314 3044 cognite

183 3048 291 3097 maior
304 3064 334 3091 =
347 3061 429 3110 quem
446 3046 628 3110 cognoscimus
645 3046 781 3095 maiorem.
796 3072 830 3080 —
847 3042 894 3097 4⁰.
912 3046 974 3096 hoc
990 3061 1088 3108 onus,
1106 3047 1158 3095 den
1175 3046 1315 3112 pijlkoker
1406 3047 1407 3084 1

184 3123 240 3163 met
262 3115 343 3179 pijlen
366 3113 477 3177 gevuld‚
503 3114 541 3162 zie
565 3128 601 3162 vs.
625 3112 665 3161 55.
683 3139 717 3147 -
734 3108 780 3163 42.
807 3113 948 3175 publica
971 3120 1061 3162 rota:
1088 3114 1133 3163 het
1155 3114 1314 3165 vaderland

184 3181 256 3243 heeft
275 3180 343 3243 zt'jne
361 3181 429 3243 hoop
445 3195 479 3231 ca
495 3180 635 3230 menschen
651 3194 716 3229 ocor
733 3180 779 3228 het
795 3180 951 3242 alpemecne
966 3179 1070 3243 welzijn
1086 3180 1188 3243 peatcld
1204 3195 1238 3243 op
1264 3181 1314 3231 Uw

183 3249 268 3310 schip.
291 3274 324 3282 —
347 3243 393 3298 43.
421 3247 585 3296 Romulus
611 3260 734 3308 augur:
760 3246 815 3295 Liv.
840 3245 864 3308 l,
883 3245 913 3309 6,
931 3245 961 3295 A:
986 3246 1138 3309 „Palatium
1161 3247 1313 3312 Romulus,

183 3315 282 3363 Remus
299 3314 462 3364 Aventinum
480 3314 512 3362 ad
530 3313 747 3376 inaugurandum
764 3315 865 3375 templa
881 3313 998 3375 capiunt.
1017 3312 1101 3363 Priori
1118 3313 1201 3363 Remo
1219 3328 1313 3378 augu-

182 3381 253 3429 rium
271 3381 373 3431 venisse
390 3381 489 3441 fertur,
512 3394 556 3429 sex
576 3381 710 3442 vultures,
730 3380 838 3442 iamque
855 3380 980 3428 nuntiato
997 3380 1110 3443 augurio
1127 3395 1189 3429 cum
1207 3380 1312 3443 duplex
1405 3373 1406 3390 ¹

183 3461 312 3495 numerus
335 3447 448 3496 Romulo
470 3461 527 3496 sese
545 3447 717 3509 ostendisset,
740 3450 886 3510 utrumque
904 3460 994 3510 regem
1011 3461 1061 3495 sua
1078 3447 1224 3496 multitudo
1242 3463 1313 3498 oon·

182 3515 354 3562 salutaverat.
380 3539 413 3547 -
438 3509 485 3563 45.
516 3527 630 3576 prope:
656 3513 711 3563 soil.
737 3513 861 3562 accedere
887 3513 920 3561 ad
946 3513 1090 3576 imperium
1115 3517 1247 3563 nostrum.
1275 3541 1314 3550 —

182 3576 229 3629 46.
248 3580 344 3642 regia
360 3580 448 3641 vela,
466 3593 547 3628 naves
564 3580 671 3642 reginae
688 3577 851 3642 Cleopatrae.
863 3604 897 3613 —
909 3580 994 3642 pati:
1012 3580 1063 3643 rgl.
1082 3578 1313 3643 Luor.ll,16.-

182 3643 229 3697 47.
254 3645 333 3695 alis:
357 3646 390 3694 de
413 3646 471 3695 alae
495 3646 545 3710 zijn
566 3647 624 3694 hier
640 3647 671 3695 de
690 3648 869 3709 roeiriemen,
892 3646 979 3695 elders
996 3646 1048 3710 zijn
1066 3647 1113 3695 het
1129 3647 1220 3697 zellen.
1248 3647 1312 3712 Vgl.
1404 3673 1405 3696 t

183 3712 256 3762 Orid.
280 3712 415 3760 Metamm.
439 3711 469 3773 5,
494 3710 556 3761 558:
581 3713 807 3763 alarum..remis
824 3713 954 3762 insistere.
971 3739 1005 3747 —
1022 3709 1069 3763 49.
1093 3711 1313 3765 Centaurica

183 3795 239 3826 sax
248 3792 275 3826 a:
294 3777 480 3838 rotsblokken,
497 3779 582 3827 zooals
600 3779 631 3827 de
644 3777 797 3828 Centaurea
809 3779 850 3828 die
862 3780 1014 3843 slingerden
1026 3780 1054 3830 in
1067 3780 1125 3829 hun
1136 3780 1211 3844 strijd
1222 3784 1312 3846 tegen

183 3846 215 3892 de
233 3844 377 3907 Lapithen,
395 3859 427 3905 op
445 3844 477 3891 de
495 3844 605 3893 bruiloft
621 3859 673 3893 van
690 3846 832 3896 Pirithous
856 3845 917 3895 Men
935 3846 1073 3896 verbinde:
1092 3860 1184 3909 prorae
1201 3847 1313 3900 vehunt
