2850 4409
723 151 762 209 42

342 339 423 397 hunc
443 337 567 397 exordia
588 342 658 396 sunt
679 337 751 395 solis
771 337 920 413 lunaeque
942 342 1060 409 secuta,

342 418 565 494 interutrasque
585 417 666 492 globi
687 435 814 493 quorum
834 422 994 476 vertuntur
1014 417 1046 474 in
1066 416 1164 491 ouris;

342 516 419 575 quae
440 515 538 574 neque
558 503 637 556 terra
658 497 714 556 sibi
735 496 862 555 adscivit
882 514 938 555 nec
958 496 1110 554 maximus
1131 497 1252 570 aether,

341 579 424 655 quod
437 595 534 654 neque
548 582 610 635 tam
623 578 746 636 fuerunt
759 576 862 651 gravia
875 581 910 634 ut
924 576 1069 652 depressa
1084 576 1241 649 sederent,

261 658 321 719 475
342 676 398 717 nec
418 657 496 716 levia
517 661 551 715 ut
571 661 693 732 possent
713 675 768 732 per
788 674 920 715 summas
941 656 1036 716 labier
1056 673 1139 729 oras,

343 744 375 797 et.
394 743 495 796 tamen
514 737 737 813 interutrasque
757 736 798 794 ita
820 742 905 809 sunt,
926 741 961 794 ut
981 754 1106 813 corpora
1127 735 1196 793 viva

343 822 465 877 versent
484 822 516 875 et
535 821 636 892 partes
656 821 691 874 ut
710 815 815 874 mundi
836 816 928 875 totius
949 821 1070 892 exteut;

344 897 424 974 quod
445 913 540 972 genus
560 896 593 954 in
613 895 697 955 nobis
719 895 866 971 quaedam
886 895 958 955 licet
978 895 1011 954 in
1032 896 1160 955 statione

342 977 475 1036 membra
488 994 622 1049 manere,
637 983 737 1035 tamen
750 994 819 1034 cum
834 975 894 1034 sint
907 993 943 1034 ea
956 994 1033 1052 quae
1048 980 1234 1035 moveantur.

262 1057 322 1116 480
342 1057 391 1116 his
411 1056 504 1132 igitur
524 1057 614 1115 rebus
633 1055 770 1114 retractis
791 1060 870 1114 terra
890 1063 1029 1131 repente,

343 1154 484 1195 maxuma
503 1154 563 1213 qua
582 1153 662 1195 nunc
682 1152 715 1194 se
735 1135 818 1211 ponti
838 1135 926 1210 plaga
946 1135 1066 1194 caerula
1086 1135 1199 1209 tendit,

344 1216 472 1276 succidit
492 1222 523 1275 et
544 1216 622 1274 salso
643 1215 771 1274 suffudit
790 1215 909 1290 gurgite
928 1215 1034 1274 fossas.

345 1296 437 1374 inque
458 1295 523 1355 dies
543 1301 654 1372 quanto
674 1295 788 1353 circum
807 1294 903 1370 magis
923 1295 1055 1354 aetheris
1075 1301 1179 1355 aestus

343 1383 374 1435 et
394 1375 471 1434 radii
492 1375 564 1434 solis
584 1376 728 1450 cogebant
747 1373 882 1451 undique
902 1380 1013 1433 terram

263 1457 323 1514 485
342 1455 516 1515 verberibus
537 1455 663 1527 crebris,
684 1460 819 1513 extrema
839 1454 878 1512 ad
898 1453 1002 1513 limina
1022 1455 1133 1531 partim

343 1536 374 1593 in
395 1536 493 1594 medio
514 1541 549 1593 ut
568 1534 710 1611 propulsa
732 1552 785 1593 suo
805 1533 955 1593 condensa
974 1534 1083 1607 coiret,

250 1646 252 1649 ⁴
344 1622 406 1674 tam
426 1615 521 1690 magis
541 1632 704 1690 expressus
726 1614 822 1672 salsus
843 1614 881 1673 de
902 1632 1027 1691 corpore
1049 1615 1141 1674 sudor

343 1696 471 1771 augebat
490 1713 571 1754 mare
591 1694 737 1752 manando
758 1712 937 1770 camposque
957 1695 1105 1767 natantis,

344 1781 375 1835 et
394 1781 477 1834 tanto
497 1775 592 1850 magis
612 1774 665 1833 illa
685 1775 764 1832 foras
785 1775 887 1849 elapsa
907 1774 1046 1833 volabant

264 1856 324 1915 490
344 1873 467 1932 corpora
487 1855 582 1913 multa
602 1854 721 1930 vaporis
742 1860 773 1912 et
792 1853 886 1927 aeris,
907 1853 1028 1931 altaque
1049 1854 1124 1914 caeli

345 1937 509 1995 densabant
529 1935 633 2010 procul
653 1953 671 1992 a
691 1934 780 1992 terris
800 1933 946 2008 fulgentia
966 1934 1087 2010 templa.

344 2016 481 2075 sidebant
501 2014 613 2090 campi,
634 2015 807 2073 crescebant
827 2013 977 2072 montibus
997 2013 1068 2072 altis

344 2113 502 2155 ascensus:
524 2112 621 2171 neque
642 2094 722 2153 enim
743 2098 880 2169 poterant
901 2093 1057 2153 subsidere
1079 2111 1152 2152 saxa

345 2194 401 2235 nec
423 2175 536 2252 pariter
555 2174 732 2233 tantundem
753 2190 856 2232 omnes
878 2175 1071 2233 succumbere
1092 2174 1196 2249 partis.

264 2257 324 2315 495
385 2256 434 2316 Sic
454 2256 547 2331 igitur
567 2260 664 2313 terrae
685 2259 821 2312 concreto
843 2271 965 2329 corpore
986 2254 1104 2329 pondus

329 2336 492 2410 constitit,
513 2341 603 2412 atque
624 2333 720 2392 omnis
741 2333 845 2391 muudi
866 2333 953 2409 quasi
973 2333 1064 2391 limus
1085 2333 1235 2392 inimum

344 2415 489 2475 confluxit
508 2415 609 2490 gravis
629 2419 660 2472 et
681 2413 817 2472 subsedit
835 2412 973 2471 funditus
993 2418 1028 2471 ut
1048 2413 1134 2489 faex3

344 2496 415 2555 inde
435 2513 533 2568 mare,
554 2494 625 2552 inde
646 2498 712 2562 abr,
733 2493 805 2551 inde
825 2493 929 2552 aether
949 2492 1059 2568 ignifer
1078 2493 1146 2570 ipse

344 2574 517 2652 corporibus
537 2572 661 2650 liquidis
683 2580 754 2630 suut
774 2573 872 2631 omnia
892 2591 967 2648 pura
987 2572 1092 2632 relicta

266 2655 324 2713 500
345 2664 376 2715 et
395 2655 507 2714 leviora
526 2654 594 2712 aliis
615 2653 689 2727 alia,
710 2657 742 2711 ct
761 2652 981 2729 liquidissimus
1001 2653 1106 2712 aether

344 2743 434 2812 atque
454 2734 627 2793 levissimus
647 2732 743 2791 aerias
765 2750 856 2808 super
876 2731 976 2790 influit
996 2751 1099 2806 aurea,

184 2942 312 2992 tradenda
336 2940 424 2989 wcord
448 2936 547 3001 schijnt
569 2937 633 2986 door
656 2936 731 2985 Lucr.
756 2935 882 2998 gemacht
903 2939 931 2984 te
950 2935 1009 2999 zijn.
1027 2959 1061 2968 —
1077 2931 1144 2985 472.
1168 2936 1314 2986 iutern-

184 3015 341 3072 trasque‚
361 3006 484 3055 tusscben
500 3005 606 3065 beiden,
624 3018 673 3052 een
688 3002 838 3051 adverbiale
851 3006 939 3065 genet.
952 3016 985 3065 op
998 3016 1040 3063 ηε,
1058 3004 1166 3052 erenals
1179 3008 1315 3068 utrasque

185 3077 261 3126 baiolo
281 3074 385 3132 molen,
407 3087 463 3121 oon
481 3072 556 3121 beidc
574 3071 689 3119 tantem
713 3068 837 3131 gevormd
856 3069 894 3116 als
912 3069 1007 3118 alias
1024 3093 1058 3102 -
1075 3064 1141 3119 476.
1167 3084 1315 3133 corpora

185 3144 274 3206 viva,
291 3140 418 3203 namelijk
436 3152 509 3199 sna3
528 3139 579 3200 vgl.
597 3152 633 3186 vs.
651 3133 713 3184 523:
732 3135 787 3184 sive
804 3134 853 3197 ipsi
869 3148 974 3197 serpere
986 3140 1099 3197 possunt
1109 3150 1164 3198 quo
1176 3137 1315 3202 cuiusque

184 3210 259 3260 cibus
282 3212 357 3256 vocat
380 3212 461 3269 atque
482 3204 579 3253 invitat
595 3203 698 3265 euntiS,
722 3203 847 3250 flammea
863 3215 910 3263 per
927 3203 1031 3250 caelum
1049 3202 1183 3264 pascentis
1201 3218 1315 3266 corpora

184 3276 296 3339 passim3
314 3289 358 3322 zoo
375 3272 530 3321 verklaarde
545 3270 693 3319 Heraclitus
705 3269 762 3317 zich
774 3268 807 3315 de
818 3267 957 3331 beweging
969 3269 1015 3316 der
1027 3269 1265 3319 hemellichamen.
1279 3296 1315 3305 -

184 3339 250 3392 478.
269 3341 357 3405 quod
376 3354 497 3403 genus,
517 3337 567 3401 vgl.
585 3336 620 3399 bij
639 3333 695 3384 428.
714 3335 752 3383 De
770 3349 817 3383 zon
834 3348 868 3383 cu
886 3335 918 3383 de
937 3348 1015 3383 maan
1033 3334 1161 3398 bewegen
1175 3336 1234 3386 zich
1246 3339 1315 3400 wel,

184 3423 259 3458 maar
275 3407 372 3472 hlijven
391 3407 452 3455 toch
470 3406 528 3453 hun
545 3405 631 3468 plaats
647 3402 776 3451 tusschen
793 3401 845 3448 den
862 3403 955 3450 aether
971 3416 1005 3450 eu
1023 3402 1055 3450 de
1073 3402 1153 3450 aarde
1171 3401 1314 3468 bewaren,

184 3476 291 3524 eveuals
314 3473 442 3535 sommige
467 3472 560 3520 deeleu
584 3483 635 3518 ran
659 3483 707 3517 ons
729 3468 858 3529 lichaam,
881 3469 920 3516 als
942 3482 1036 3516 armen
1059 3482 1093 3516 en
1116 3468 1236 3532 beenen,
1261 3473 1315 3520 wel

185 3543 276 3590 hunne
302 3542 388 3603 plaats
411 3553 462 3588 aau
486 3539 533 3586 het
555 3537 671 3586 lichaam
694 3535 751 3583 niet
773 3535 906 3596 verlateu,
933 3548 1007 3582 maar
1029 3535 1091 3583 toch
1115 3535 1172 3584 zich
1197 3536 1315 3586 kunnen
1362 3559 1366 3567 ·

183 3609 318 3671 bewegeu.
336 3632 369 3639 —
386 3601 452 3655 485.
477 3609 632 3652 extrema
655 3602 693 3650 ad
714 3600 838 3649 limina
855 3614 924 3662 eun,
941 3601 1036 3649 zocdot
1052 3600 1085 3664 aij
1103 3614 1168 3650 ocor
1184 3617 1236 3652 ceu
1254 3606 1316 3654 dael

185 3673 247 3738 (vgl.
271 3671 321 3722 493
344 3687 432 3736 neque
456 3671 527 3719 enim
551 3667 619 3731 euz.)
638 3674 676 3717 tot
692 3683 748 3716 aab
766 3667 835 3715 baar
850 3667 962 3716 alterae
977 3669 1082 3729 parbem
1098 3671 1316 3731 oocrtpcdreoen

184 3741 299 3791 roudom
323 3740 393 3788 boor
414 3737 590 3799 middelpuut
611 3734 734 3784 ocrdicbt
755 3734 812 3782 zicb
835 3735 1000 3782 subacuta-ok.
1024 3759 1058 3768 -
1080 3730 1139 3784 491.
1166 3739 1315 3801 templa,

185 3807 236 3871 rgl.
255 3807 293 3870 Il,
312 3804 340 3869 7,
358 3804 382 3854 8.
399 3831 432 3839 -
450 3799 506 3854 501.
530 3803 643 3852 aerias
666 3815 767 3849 auras
790 3814 823 3848 en
839 3800 867 3847 in
886 3800 932 3847 het
950 3801 1077 3863 volgende
1096 3802 1190 3851 aeris
1214 3806 1316 3853 auris

184 3876 208 3923 is
225 3888 290 3923 eene
307 3871 468 3936 periphrasis
486 3885 548 3919 roor
565 3883 634 3930 aer,
652 3869 683 3916 de
701 3866 849 3916 zwaardere
866 3866 1064 3916 benedeulucht
1078 3868 1106 3915 iu
1117 3871 1317 3934 tegenstelling
