2850 4409
647 210 705 266 245

275 395 334 452 fixa
355 388 507 452 catenatae
529 392 612 452 siluit
633 411 777 469 compago
798 395 945 453 tabernae.

192 474 253 532 305
273 473 426 532 interdum
446 479 478 532 et
496 474 576 532 ferro
597 473 713 532 subitus
734 480 884 548 grassator
903 474 966 550 agit
986 491 1075 550 rem,

273 559 386 612 armato
406 554 545 629 quotiens
565 559 648 612 tutae
668 554 793 612 custode
814 559 954 612 tenentur

275 639 307 692 et
327 633 485 708 Pomptina
505 633 593 709 palus
613 639 644 692 et
665 632 828 692 Gallinaria
847 633 952 709 pinus,

274 714 319 772 sic
338 713 410 772 inde
430 714 489 771 huc
510 731 614 771 omues
634 717 787 789 tamquam
807 713 845 771 ad
866 713 979 771 vivaria
999 718 1135 773 currunt.

274 812 334 870 qua
354 795 473 852 fornace
493 810 615 868 graves,
636 811 696 869 qua
716 811 775 851 uon
795 793 904 852 incude
925 795 1067 853 catenae?

194 875 254 933 310
275 873 430 932 maximus*
445 873 477 930 in
499 873 606 931 vinclis
626 873 698 931 ferri
719 874 841 945 modus,
862 879 896 931 ut
917 873 1037 946 timeas,
1058 892 1096 933 ue

273 972 377 1013 vomer
397 954 530 1026 deficiat,
551 970 589 1012 ue
610 971 725 1011 marrae
745 959 776 1012 et
797 954 913 1012 sarcula
934 954 1041 1012 desint.

274 1033 379 1092 felices
399 1051 577 1109 proavorum
597 1038 714 1106 amane,
735 1033 834 1092 felicia
854 1033 939 1092 dicas

275 1114 412 1186 saecula,
433 1132 510 1190 quae
531 1114 680 1190 quondam
702 1115 757 1172 sub
777 1113 898 1189 regibus
918 1119 1008 1190 atque
1029 1112 1158 1173 tribunis

275 1194 416 1252 viderunt
436 1212 495 1251 uuo
516 1198 684 1251 contentam
705 1211 824 1252 carcere
844 1194 977 1252 Romam.

193 1275 254 1332 315
315 1273 372 1332 His
392 1273 466 1332 alias
486 1278 621 1349 poteram
641 1278 672 1332 et
691 1273 788 1348 pluris
809 1275 984 1333 subnectere
1006 1291 1139 1346 causass

275 1354 329 1412 sed
349 1354 483 1412 iumenta
502 1359 610 1412 vocant
629 1359 660 1411 et
681 1353 726 1410 sol
746 1353 885 1412 inclinat:
907 1354 1039 1412 eundum
1061 1359 1123 1429 est,

276 1451 343 1491 nam
367 1434 440 1492 mihi
461 1441 607 1492 commota
627 1433 802 1492 iamdudum
823 1433 915 1491 mulio
936 1433 1020 1509 virga

275 1513 388 1572 adnrdt.
410 1531 481 1589 ergo
501 1514 568 1572 vale
589 1514 683 1571 nostri
704 1531 831 1586 memor,
852 1518 884 1571 et
903 1513 1042 1589 quotiens
1062 1519 1092 1571 te

275 1592 369 1651 Roma
390 1599 441 1651 tuo
463 1594 546 1652 refici
568 1598 776 1669 properantem
797 1592 903 1651 reddet
923 1592 1056 1669 Aquino,

192 1675 254 1733 320
275 1692 324 1732 me
345 1692 463 1750 quoque
484 1673 523 1731 ad
543 1673 702 1731 Helvinam
724 1673 861 1732 Cererem
882 1679 1072 1749 vestramque
1092 1672 1219 1730 Dianam

276 1759 415 1812 converte
436 1772 454 1811 a
475 1753 592 1813 Cumis:
616 1759 783 1811 saturarum
804 1771 874 1827 ego,
895 1752 925 1810 ni
947 1753 1041 1828 pudet
1060 1752 1143 1825 illas,

275 1833 394 1891 adiutor
414 1833 530 1909 gelidos
552 1833 668 1891 veniam
689 1833 834 1907 caligatus
855 1832 886 1890 in
907 1831 1023 1908 agros.''

361 2242 421 2281 EEN
441 2241 668 2282 KABINE'I'SRAAD
690 2241 788 2281 ONDER
808 2241 997 2282 DOMITIANUS.

533 2393 586 2465 ru,
607 2411 651 2450 vs.
673 2394 821 2452 37—154.

144 2562 215 2610 Deze
239 2561 320 2609 satire
343 2561 444 2610 schetst
466 2575 514 2608 ons
539 2561 585 2609 het
609 2560 684 2609 beeld
708 2575 760 2609 ran
784 2562 816 2609 de
839 2561 899 2624 diep
918 2562 1054 2625 geronlren
1072 2578 1105 2611 en
1124 2568 1241 2613 eerlooze

109 2627 292 2687 Romeinsche
316 2633 425 2690 grooten
446 2627 529 2675 ander
545 2641 595 2675 een
614 2627 693 2675 laffen
710 2632 791 2690 tyran
808 2629 848 2677 als
865 2629 1045 2692 Domitianus,
1069 2631 1110 2678 die
1128 2646 1191 2680 voor
1208 2632 1240 2680 de

106 2694 341 2757 beuzelachtigste
368 2694 432 2742 zaak
459 2693 545 2757 zijneu
571 2693 757 2743 kabinetsraad
784 2695 809 2743 in
836 2696 902 2744 aller
919 2696 948 2760 ijl
965 2698 1020 2745 laat
1038 2696 1239 2761 bijeenlromen,

107 2762 182 2811 alsof
198 2762 247 2809 het
264 2761 296 2808 de
313 2760 504 2824 belangrijkste
522 2761 773 2823 aaugelegeuheden
790 2761 884 2811 betrof.

318 2905 394 2964 Cum
414 2905 473 2962 iam
495 2905 702 2963 semianimum
723 2906 867 2965 laceraret
886 2907 1007 2966 Flavius
1029 2909 1128 2967 orbem

276 2985 402 3071 ultimus
424 2990 455 3043 et
475 2986 559 3043 calvo
581 2986 706 3043 serviret
728 2985 821 3044 Roma
842 2987 968 3060 Neroni,

110 3195 190 3242 lucr.
209 3192 235 3254 l,
254 3188 294 3239 43.
308 3216 342 3224 —
354 3186 419 3240 304.
438 3191 616 3239 tabernac:
635 3191 667 3239 de
685 3192 796 3241 winkelo
814 3193 921 3241 werden
938 3194 994 3243 niet
1008 3196 1095 3243 alleen
1108 3196 1241 3260 gesloten,

110 3273 189 3308 maar
211 3259 244 3306 de
262 3258 374 3320 sluiting
391 3272 444 3319 nog
460 3262 516 3306 met
534 3272 598 3305 eene
617 3257 722 3321 ketting
739 3260 887 3308 verzekerd.
906 3286 939 3294 -
957 3256 1020 3311 3⁰7.
1045 3259 1241 3312 Gallinaria

111 3327 230 3390 pinus,
255 3339 305 3373 eeu
328 3324 515 3373 dennenbosch
538 3324 566 3372 in
584 3325 616 3372 de
634 3324 769 3388 nabijheid
787 3341 837 3374 van
855 3325 964 3377 Cumae.
991 3328 1027 3376 De
1046 3328 1241 3395 Pomptijnsche

111 3405 268 3441 macrassen
287 3405 320 3438 en
338 3391 378 3438 dit
395 3390 587 3439 Gallinarisclre
604 3391 683 3439 bosch
702 3406 791 3440 waren
809 3393 841 3441 de
858 3408 966 3456 gewone
984 3396 1176 3444 schuilhoekeu
1195 3398 1242 3446 der

110 3473 226 3508 roovers.
253 3483 287 3490 -
314 3452 378 3507 3⁰9.
410 3456 584 3506 Construeer:
616 3472 671 3520 qua
701 3458 782 3521 loru,
813 3475 867 3523 qua
893 3461 942 3511 inc.
969 3477 1022 3510 non
1049 3477 1087 3526 gr.
1113 3464 1182 3513 cat?
1208 3491 1241 3498 -

111 3523 161 3576 311.
187 3537 337 3573 marrae:
361 3525 393 3572 de
415 3539 525 3572 marra
543 3524 565 3572 is
582 3538 632 3572 een
649 3529 721 3573 soort
737 3540 788 3574 van
806 3526 888 3590 hark,
912 3531 1086 3577 sarculum
1103 3544 1153 3578 een
1170 3536 1242 3580 soort

111 3607 167 3640 van
189 3590 309 3653 schoffel.
326 3616 360 3624 -
383 3586 438 3640 319.
465 3591 611 3654 Aquino:
638 3596 665 3639 te
688 3592 826 3655 Aquinum
850 3594 877 3641 in
902 3594 1008 3644 Latium
1031 3611 1086 3645 was
1109 3597 1241 3647 luvenalis

110 3659 244 3723 geboreu:
268 3655 348 3705 Ceres
371 3671 405 3705 en
426 3657 510 3706 Diana
527 3657 633 3705 hadden
651 3673 678 3706 er
695 3661 816 3721 tempels.
835 3661 964 3710 Vanwaar
981 3663 1013 3712 dc
1029 3663 1147 3727 bijnaam
1166 3664 1240 3712 llel-

110 3727 193 3774 vina
217 3725 277 3772 hier
302 3723 377 3771 komt
400 3725 421 3772 is
445 3726 502 3772 niet
519 3723 661 3787 duidelijk:
685 3725 833 3775 Mommsen
851 3728 917 3776 leidt
934 3729 996 3778 hem
1014 3730 1043 3778 as
1058 3744 1108 3778 van
1126 3730 1242 3795 degens

111 3792 214 3842 Helvia.
239 3816 273 3824 -
297 3785 361 3839 322.
388 3791 577 3853 caligatus:
602 3791 723 3854 iemaud,
750 3793 791 3841 die
815 3795 865 3841 den
891 3795 1111 3845 soldateusuhoen
1134 3797 1240 3860 draagt,

109 3859 193 3909 sliclrt
210 3858 325 3907 aoldaat.

146 3921 193 3976 37.
216 3922 472 3973 semianimum:
491 3924 584 3985 spreek
602 3925 643 3972 uit
659 3926 897 3988 semanimum,
916 3942 960 3977 roo
978 3929 1016 3977 als
1034 3929 1240 3992 waarschijnlijlr
