2850 4409
645 175 685 243 '65

264 386 403 443 egressus
424 368 525 428 curvis
545 386 563 428 e
584 367 721 428 litoribus
743 368 840 428 Piraei

207 449 245 507 75
264 448 364 523 attigit
383 448 488 507 iniusti
509 448 590 524 regis
611 447 757 522 Gortynia
777 455 864 507 tecta.
921 447 924 454 ’

264 546 332 586 uam
351 528 511 604 perhibent
531 528 603 587 olim
623 528 738 588 crudeli
759 535 845 605 peste
865 535 997 587 coactam

264 608 496 684 Androgeoneae
517 626 628 684 poenas
648 609 805 668 exsolvere
825 609 925 667 caedis

264 688 374 747 electos
395 688 513 747 iuvenis
534 689 675 747 simulet
696 689 792 747 decus
811 688 1005 764 innuptarum

264 767 436 844 Cecropiam
458 768 575 827 solitam
596 786 663 828 esse
684 768 792 845 dapem
814 768 884 827 dare
906 768 1081 827 Minotaum.

204 848 244 905 80
265 847 333 924 quis
352 855 480 923 angusta
500 848 587 907 malis
608 866 676 907 oum
697 848 814 907 moenia
834 855 1030 920 vexarentur,

264 928 329 1003 ipse
351 925 439 986 suurn
460 928 594 987 Theseus
615 946 668 1005 pro
689 928 767 987 caris
787 946 896 1004 corpus
917 929 1044 987 Athenis

263 1006 396 1083 proicere
417 1008 531 1084 optavit
550 1008 651 1084 potius
671 1027 760 1085 quam
782 1008 853 1066 talia
874 1009 993 1078 Cretam

264 1087 368 1145 funera
389 1088 626 1164 Cecropiae-nec
645 1088 752 1147 funera
772 1094 970 1164 portarentur.

265 1176 354 1243 atque
374 1167 416 1225 ita
437 1186 512 1226 nave
532 1168 592 1227 levi
613 1167 713 1227 nitens
733 1186 768 1226 ac
789 1167 907 1227 lenibus
928 1168 1009 1227 auris

204 1248 245 1304 85
266 1247 488 1323 magnanimum
509 1248 547 1305 ad
569 1248 668 1307 Minoa
688 1248 772 1307 venit
793 1248 941 1325 sedesque
957 1250 1115 1324 superbas.

266 1328 344 1386 hunc
365 1327 491 1386 simulac
512 1327 621 1404 cupido
643 1328 801 1404 conspexit
820 1328 934 1386 lumine
955 1328 1039 1403 virgo

265 1407 360 1482 regia,
382 1426 471 1484 quam
493 1408 593 1466 suavis
614 1408 756 1484 expirans
777 1415 878 1466 castus
899 1407 1004 1466 odores

264 1487 394 1546 lectulus
414 1487 446 1545 in
467 1487 549 1546 molli
571 1488 731 1564 complexu
753 1487 856 1546 matris
876 1488 989 1559 alebat,

265 1567 369 1643 quales
389 1565 518 1626 Eurotae
538 1567 722 1644 progignunt
741 1568 865 1626 flumina
885 1574 1000 1642 myrtos

202 1647 243 1705 90
265 1664 373 1706 aurave
394 1647 552 1706 distinctos
573 1648 675 1706 educit
695 1666 788 1706 verna
808 1647 936 1720 colores,

265 1745 321 1786 non
343 1726 428 1803 prius
449 1745 488 1786 ex
508 1728 561 1785 illo
582 1727 738 1803 flagrantia
759 1728 920 1786 declinavit

265 1806 377 1865 lumina
398 1826 489 1883 quam
509 1814 619 1868 cuncto
640 1808 778 1884 concepit
797 1813 918 1884 pectore
940 1809 1089 1866 flammam

264 1887 401 1945 funditus
421 1893 511 1964 atque
532 1887 601 1946 imis
622 1887 736 1946 exarsit
756 1894 818 1946 tota
839 1887 988 1946 medullis.
1067 1917 1069 1921 =

264 1967 323 2025 heu
344 1967 453 2026 misere
475 1967 631 2043 exagitans
651 1968 683 2025 in
704 1968 769 2026 miti
791 1968 880 2026 corde
900 1968 1031 2040 furoreS,

201 2047 243 2104 95
265 2052 365 2105 sancte
386 2065 476 2123 puer,
498 2048 581 2120 curis
601 2047 754 2105 hominum
776 2047 827 2124 qui
849 2047 958 2123 gaudia
978 2046 1101 2116 misces,

264 2145 400 2203 quaeque
421 2127 501 2202 regis
523 2125 634 2203 Golgos
655 2146 792 2204 quaeque
810 2127 939 2186 Idaliiuu
956 2127 1145 2200 frondosum,

265 2207 402 2282 qualibus
423 2207 576 2265 incensam
596 2207 730 2266 iactastis
751 2213 851 2266 mente
872 2207 1002 2283 puellam

264 2287 406 2346 fluctibus
426 2287 458 2344 in
478 2288 555 2345 flavo
577 2305 666 2363 saepe
686 2287 805 2363 hospite
826 2287 1041 2364 suspirantem!
1118 2324 1121 2328 -

264 2371 392 2442 quantos
411 2366 464 2424 illa
484 2367 556 2425 tulit
576 2367 730 2443 languenti
751 2368 840 2426 corde
861 2367 998 2425 timores!

185 2447 243 2505 100
264 2464 353 2523 quam
374 2452 438 2505 tum
462 2464 550 2523 saepe
572 2446 667 2523 magis
687 2448 803 2506 fulvore
824 2447 972 2523 expalluit
992 2447 1072 2520 auri,

263 2544 332 2585 cum
354 2544 476 2584 saevum
497 2526 621 2602 cupiens
642 2535 744 2586 contra
765 2528 946 2586 contendere
968 2536 1133 2586 monstrum

111 2705 266 2715 ———„

35 2849 36 2884 1
112 2828 193 2880 Venus
216 2833 293 2895 gered
320 2846 383 2881 was.
406 2857 440 2865 -
463 2827 508 2881 75.
535 2829 705 2894 Gortynia
728 2834 834 2892 tecta,
861 2830 880 2879 ’t
898 2830 1053 2894 Labyrinth.
1080 2829 1182 2893 Gortyn
1200 2832 1229 2880 of

111 2893 223 2962 Gortyna
240 2913 295 2947 was
312 2903 369 2947 met
386 2896 488 2948 Cnosus
505 2898 537 2946 de
550 2898 690 2946 hoofdstad
705 2912 755 2946 van
769 2896 854 2947 Creta.
866 2922 901 2930 —
912 2893 957 2947 77.
975 2897 1226 2960 Androgeoneae

109 2957 323 3028 Ἀνδρογεώνηοςε
347 2964 498 3027 Androgeos
521 2965 551 3013 of
565 2964 723 3028 Androgeon
740 2978 794 3013 was
811 2965 843 3012 de
861 2979 926 3013 zoon
943 2978 994 3013 van
1011 2964 1096 3013 Minos
1113 2979 1146 3013 en
1164 2966 1227 3014 door

112 3030 140 3079 de
160 3032 291 3082 Atheners
314 3031 460 3081 vermcord.
478 3056 511 3065 -
528 3027 573 3081 79.
598 3029 796 3094 Cecropiam
822 3031 854 3079 de
873 3032 931 3080 stad
949 3045 999 3079 van
1018 3029 1140 3093 Cecrops,
1164 3031 1228 3080 door

111 3095 222 3148 Theseus
249 3098 398 3161 uitgebreid
424 3113 457 3147 en
480 3097 585 3146 Athene
608 3098 745 3161 genoemd.
769 3123 802 3131 -
824 3094 870 3148 8⁰.
897 3098 989 3161 quis,
1015 3098 1053 3145 zie
1077 3112 1113 3147 vs.
1136 3096 1176 3146 31.
1194 3123 1226 3131 —

111 3158 151 3214 83.
173 3166 298 3214 funera
321 3179 381 3213 nec
398 3165 536 3228 funera,
561 3166 636 3214 Lucr.
654 3164 705 3228 Ill,
724 3162 772 3212 779
788 3164 930 3214 innumero
948 3179 1073 3226 numero,
1091 3163 1141 3213 Cic.
1159 3164 1226 3213 Phil.

112 3228 134 3287 l,
149 3230 178 3295 2,
196 3232 212 3280 5
228 3233 391 3294 insepultam
409 3232 587 3294 sepulturam,
606 3230 683 3294 Soph.
701 3231 741 3280 Ai.
759 3229 809 3280 665
824 3228 918 3293 ἄδωρα
933 3227 1017 3293 δῶρα.
1036 3257 1069 3264 -
1086 3227 1132 3281 85.
1157 3246 1226 3280 ma-

112 3300 233 3359 gnanim
241 3314 306 3361 um,
317 3293 483 3362 μεγάθυμος,
493 3299 630 3361 algemeen
640 3298 777 3360 epitheton
786 3299 833 3346 der
841 3299 948 3346 heroeu.
957 3323 992 3331 —
1002 3293 1047 3348 96.
1065 3312 1226 3362 quaeque,

112 3368 136 3411 et
150 3370 179 3414 tu
194 3380 277 3429 quae,
295 3364 424 3429 namelijlr
436 3363 539 3429 Venus,
557 3364 599 3412 die
610 3365 639 3413 in
652 3362 741 3427 Golgi,
759 3379 791 3427 op
805 3365 824 3413 Ἰ
835 3366 953 3414 moestel.
967 3369 1035 3427 punt
1048 3379 1098 3413 van
1112 3363 1226 3428 CypruS,

111 3443 142 3479 en
156 3432 183 3481 in
201 3432 221 3481 't
232 3431 384 3495 boschrijke
401 3431 529 3480 ldalische
547 3431 791 3494 gebergtealdaar,
809 3433 922 3494 tempels
936 3432 995 3481 hod.
1008 3457 1041 3464 —
1054 3427 1109 3482 100.
1127 3446 1225 3495 quam

112 3501 136 3545 te
157 3499 301 3548 verbinden
324 3503 381 3547 met
403 3511 504 3560 saepe
523 3513 553 3541 =
572 3498 701 3561 quotiens.
724 3524 757 3531 —
779 3498 929 3559 fultore3
954 3498 973 3545 't
990 3498 1083 3560 adject.
1107 3499 1227 3549 fulvus

111 3563 207 3615 muter
223 3567 282 3628 peel
299 3565 384 3614 werdt
400 3564 515 3628 dilwijls
532 3564 580 3614 oolr
600 3579 650 3613 van
665 3565 752 3628 goud
768 3564 907 3627 gebezigd,
925 3564 1226 3629 bijv.Verg.Aen.V11,

110 3628 162 3680 279.
191 3633 310 3681 Daarvan
338 3632 413 3680 komt
438 3645 488 3679 een
513 3631 710 3680 substantivum
737 3632 850 3680 fulvor
875 3629 922 3695 (bij
948 3630 1104 3681 Tiberianus
1131 3632 1167 3694 ll,
1193 3633 1226 3681 97

111 3695 238 3748 Baehrens
262 3699 359 3748 Poetae
383 3698 439 3746 Lat.
463 3698 526 3746 Min.
548 3695 564 3745 3
583 3712 639 3760 pag.
657 3695 731 3759 266),
756 3697 802 3746 dat
818 3698 892 3747 beter
909 3699 961 3746 dan
979 3699 1096 3761 fulgor
1112 3698 1177 3759 (wat
1194 3701 1226 3747 de

111 3762 306 3814 handsehriften
334 3763 450 3826 hebben)
477 3765 509 3813 de
534 3765 592 3813 hier
615 3764 742 3813 bedoelde
766 3764 843 3813 kleur
864 3765 1000 3814 aanduidt.
1027 3766 1063 3813 De
1087 3764 1227 3814 bleelheid

109 3828 130 3878 is
153 3831 187 3896 bij
214 3833 246 3881 de
272 3832 399 3881 volkeren
424 3845 475 3879 van
500 3831 695 3893 Zuid-Europa,
723 3830 765 3879 die
788 3845 854 3879 eene
877 3831 1026 3880 donkerder
1048 3832 1228 3894 gelaatskleur

111 3895 222 3961 hebben,
240 3913 306 3948 eene
329 3898 428 3947 andere
451 3898 504 3946 dan
528 3897 562 3961 bij
587 3912 635 3946 ons
658 3911 692 3945 en
716 3896 750 3961 bij
770 3903 826 3946 mat
843 3899 913 3960 goud
931 3902 958 3946 te
975 3897 1144 3960 vergelijken.
1169 3897 1225 3958 Vgl.

35 4033 37 4046 .
140 4002 278 4055 wcirsnn,
297 3991 377 4041 Serta
394 3990 534 4053 Romana,
552 3990 584 4038 le
602 3989 679 4041 druk.
1143 3985 1160 4034 5
