2850 4409
696 171 754 229 232

324 356 407 415 urbis
427 361 458 415 et
478 358 615 431 Angusto
635 355 796 415 recitantes
817 373 919 415 mense
939 358 1064 432 poetas?

265 437 302 495 10
324 437 378 495 sed
399 436 472 494 dum
491 441 554 494 tota
574 435 680 495 domus
700 436 790 494 raeda
810 436 997 511 componitur
1016 454 1091 509 una,

325 516 459 575 substitit
479 516 517 574 ad
538 520 655 575 veteres
675 533 763 574 arens
783 516 993 592 madidamque
1015 516 1174 592 Capenam.

323 598 388 669 hic,
409 596 461 655 nbi
481 601 645 654 noeturnae
666 595 765 654 Numa
786 595 985 655 constituebat
1005 596 1134 669 amicae,

323 694 404 735 nnnc
425 676 501 734 sacri
521 675 613 734 fontis
632 684 792 753 nemus-et
812 676 936 735 delubra
956 676 1092 735 locantur

324 756 460 829 ludaeis,
482 774 609 832 qnorum
630 755 776 831 cophinus
796 756 958 833 fenumque
980 757 1117 831 supellex
1138 789 1178 798 -

265 836 303 895 15
323 836 419 895 omnis
440 835 520 895 enim
540 836 651 912 populo
670 835 840 895 mercedem
860 836 992 912 pendere
1012 836 1094 894 iussa
1118 840 1165 895 est

323 918 410 976 arbor
430 921 460 975 et
480 915 584 975 eiectis
604 915 755 974 mendicat
776 915 851 974 silva
872 917 1010 975 Camenis
1030 950 1079 975 -.

322 996 354 1055 in
374 997 483 1055 vallem
502 995 629 1071 Egeriae
650 995 861 1064 descendimus
875 1000 913 1064 ,et
933 996 1091 1072 speluncas

324 1076 487 1135 dissimiles
507 1076 595 1134 veris.
617 1081 728 1152 quanto
749 1076 937 1152 praesentius
958 1080 1039 1134 esset

323 1174 435 1215 numen
454 1155 555 1232 aquis,
576 1155 666 1213 viridi
686 1155 713 1213 si
734 1156 866 1231 margine
888 1155 1026 1215 eluderet
1046 1155 1141 1214 undas

265 1236 303 1295 20
323 1237 415 1295 herba
434 1254 490 1295 nec
509 1236 674 1311 ingenuum
694 1233 840 1295 violdrent
860 1254 1006 1294 marmora
1026 1236 1135 1294 toinml

324 1315 373 1374 hie
392 1321 465 1374 tunc
484 1315 654 1375 Umbricius
675 1316 811 1391 „quando
831 1314 964 1375 artibns”
985 1316 1084 1392 inquit
1104 1314 1257 1388 „honestis

163 1491 350 1554 verdiepingen
368 1504 457 1539 waren
473 1491 502 1538 in
517 1490 568 1538 den
581 1490 652 1553 regei
665 1504 716 1538 van
729 1491 803 1540 hout.
821 1489 1024 1554 hardbevingen
1036 1504 1124 1538 waren
1137 1488 1288 1538 bovendien

163 1572 215 1620 nog
232 1558 258 1606 al
274 1556 378 1621 rolrijiy:
396 1556 457 1620 bijv.
475 1556 491 1605 5
504 1572 529 1605 n.
542 1555 617 1620 Chr,
631 1556 672 1619 15,
685 1556 726 1620 51,
738 1555 771 1605 59
784 1556 835 1620 zijn
848 1572 896 1606 ons
908 1556 1097 1619 opgeteehend.
1110 1581 1143 1589 -
1155 1551 1182 1605 9.
1200 1555 1287 1604 reei-

163 1628 280 1673 tantes
296 1661 317 1673 ..
332 1627 464 1687 poetas:
488 1638 520 1686 op
544 1624 591 1672 het
613 1623 707 1686 gebied
731 1624 779 1672 der
797 1624 884 1686 podzie
901 1623 1013 1673 bestond
1030 1637 1059 1671 er
1076 1638 1120 1672 om
1137 1623 1218 1670 deren
1236 1621 1287 1686 tijd

162 1691 190 1739 in
215 1691 297 1740 Rome
320 1690 532 1753 overprodnetie3
556 1691 584 1738 in
607 1691 639 1739 de
656 1690 783 1754 galerijen
801 1705 835 1740 en
852 1691 880 1739 in
899 1690 930 1738 de
948 1690 1049 1753 parken
1067 1690 1120 1738 had
1137 1703 1198 1737 rnen
1217 1703 1288 1752 gaen

163 1762 234 1821 rust,
258 1757 323 1874 raige
341 1759 372 1806 ia
388 1757 420 1805 de
438 1757 516 1805 heete
534 1757 630 1806 maand
647 1756 788 1819 Augustus
805 1757 875 1821 niet,
892 1772 944 1806 van
961 1757 993 1806 de
1011 1755 1190 1806 reciteerende
1209 1756 1285 1805 dich-

163 1830 225 1873 ters
238 1821 292 1874 -1
314 1860 321 1874 .
339 1824 456 1873 raeda:
474 1824 506 1872 de
523 1823 645 1873 inboedel
661 1838 713 1872 van
731 1823 881 1873 Umbricius
899 1824 985 1872 werdt
996 1837 1029 1885 op
1042 1838 1091 1872 eeu
1102 1823 1289 1884 uierwielipea

162 1906 257 1953 wopau
279 1891 419 1940 vervoerd:
443 1891 505 1939 dere
529 1891 590 1939 reed
614 1894 683 1939 eerst
706 1891 736 1940 ai
756 1890 790 1954 bij
817 1891 848 1939 de
866 1894 954 1954 poert,
977 1895 1050 1939 want
1066 1888 1219 1953 gedorende
1238 1889 1289 1938 het

194 1962 279 2007 ootste
297 1959 355 2007 deel
373 1972 423 2006 van
442 1957 493 2005 den
510 1958 562 2020 dag
578 1957 703 2006 moehten
717 1958 794 2006 zullre
807 1972 913 2020 wagens
925 1957 953 2005 in
966 1956 998 2005 de
1010 1957 1068 2005 stad
1081 1956 1138 2004 niet
1149 1955 1241 2020 rijden.
1251 1981 1287 1990 -

174 2021 191 2074 1.
224 2030 361 2073 veteres
386 2038 486 2072 arcus
511 2024 751 2086 madidamque
777 2023 958 2086 Capenam,
984 2037 1033 2073 een
1059 2023 1214 2085 hendiadys
1247 2023 1289 2072 De

163 2096 237 2154 porta
260 2090 367 2154 Capena
389 2091 474 2140 leidde
496 2092 573 2155 langs
596 2091 628 2139 de
653 2091 694 2139 via
717 2090 800 2153 Appia
818 2105 883 2139 naar
900 2089 997 2153 Capua.
1024 2090 1112 2139 Boven
1130 2090 1192 2137 deze
1209 2095 1288 2151 poert

162 2173 217 2207 was
242 2172 307 2206 eene
332 2157 529 2221 waterleiding,
555 2171 678 2206 waarvan
704 2158 752 2206 het
777 2162 860 2206 water
885 2157 948 2206 door
973 2157 1006 2205 de
1030 2156 1116 2220 hogen
1140 2156 1187 2205 der
1209 2160 1287 2218 poert

162 2225 320 2287 druppelde:
344 2224 375 2288 zij
400 2239 454 2273 was
476 2226 504 2273 in
527 2224 578 2272 den
601 2238 694 2287 mour,
718 2224 760 2272 die
778 2238 828 2272 aan
846 2223 953 2273 Servius
969 2223 1073 2272 Tullius
1091 2223 1176 2272 wordt
1192 2228 1287 2285 toege-

162 2292 304 2355 sehreven‚
328 2306 361 2340 en
382 2306 420 2340 nu
438 2291 487 2340 dns
504 2291 606 2340 binnen
623 2292 655 2339 de
672 2290 740 2340 stad.
766 2290 830 2341 Was
847 2306 909 2340 men
926 2291 1020 2339 buiten
1038 2291 1070 2339 de
1087 2294 1162 2352 porta
1179 2288 1287 2352 Capena

162 2359 306 2422 gekomen,
331 2359 383 2407 dan
406 2358 457 2406 had
476 2372 538 2407 men
555 2372 606 2406 aan
623 2358 655 2406 de
672 2358 833 2406 linkerhand
850 2358 882 2407 de
899 2357 987 2407 Lucus
1004 2354 1182 2406 Camenarum
1200 2371 1234 2404 en
1252 2357 1288 2405 de

163 2425 245 2474 Vallis
262 2425 384 2488 Egeriae,
403 2439 486 2489 waar,
503 2439 569 2474 naar
583 2425 615 2473 de
631 2439 692 2487 sage
707 2425 809 2487 luidde,
826 2424 926 2487 Numa,
942 2424 1047 2473 Rome's
1059 2424 1160 2472 twaede
1172 2423 1287 2486 loning,

162 2492 378 2541 samenhomsten
404 2492 456 2540 had
483 2496 539 2540 met
564 2491 596 2539 de
622 2492 724 2555 nymph
750 2491 857 2554 Egeria,
884 2491 926 2539 die
952 2491 1015 2539 hem
1038 2491 1070 2540 de
1092 2489 1286 2539 voorsehriften

54 2578 58 2581 ·
163 2559 325 2607 betreiiende
348 2559 380 2606 de
403 2558 540 2620 vereering
563 2559 609 2606 der
631 2559 716 2621 goden
738 2558 917 2607 mededeelde.
934 2582 967 2591 -
985 2554 1021 2607 12.
1046 2557 1112 2606 hie:
1137 2555 1234 2620 terwijl
1252 2557 1288 2605 de

162 2640 256 2688 wagen
273 2626 388 2674 stilstaat
405 2625 439 2688 bij
458 2624 491 2672 de
508 2629 583 2687 porta
600 2623 718 2687 Capena,
736 2624 861 2688 gebruiht
878 2625 910 2672 de
922 2624 1039 2686 dichter,
1057 2624 1101 2672 die
1112 2623 1287 2686 waarschijn-

163 2691 210 2756 lijk
229 2690 316 2755 zijnen
333 2692 424 2740 vriend
440 2690 608 2755 begeleidde,
631 2691 664 2740 de
681 2691 855 2755 gelegenheid
873 2706 915 2740 om
933 2695 961 2739 te
978 2690 1071 2754 wijzen
1088 2705 1121 2753 op
1139 2690 1171 2738 de
1189 2704 1288 2738 veran-

162 2758 268 2822 dering,
292 2759 334 2807 die
357 2759 385 2807 in
408 2758 470 2806 dere
493 2758 582 2807 streek
606 2759 700 2807 buiten
724 2759 756 2806 de
779 2762 855 2821 poert
877 2758 951 2807 heeft
975 2758 1059 2820 plaats
1081 2756 1227 2820 gerunden.
1250 2782 1288 2790 -

162 2826 417 2888 constituebat,
440 2839 488 2874 een
511 2825 688 2874 render-vous
709 2825 765 2886 gaf.
783 2850 816 2858 -
834 2820 871 2874 14.
895 2825 1046 2873 ludaeis:
1070 2823 1103 2872 de
1120 2823 1216 2887 Joden,
1242 2823 1289 2873 die

161 2897 224 2941 toen
247 2892 323 2942 reeds
345 2891 392 2956 vrij
417 2890 507 2955 tahijir
531 2906 620 2940 waren
643 2892 671 2940 in
694 2891 791 2955 Rome,
814 2891 921 2940 hadden
944 2891 976 2940 de
999 2890 1074 2939 vallis
1098 2889 1206 2953 Egeriae
1228 2894 1289 2939 niet

163 2958 253 3023 bosch,
277 2960 344 3009 brou
368 2973 402 3007 en
424 2955 596 3019 (vervallene)
620 2959 732 3020 tempels
754 2958 878 3021 gehnnrd
902 2973 945 3007 om
969 2972 998 3006 er
1021 2972 1086 3006 eene
1104 2970 1239 3021 synagoge
1257 2962 1289 3006 te

162 3028 288 3089 piaatsen.
316 3027 353 3075 De
373 3026 455 3075 leden
472 3025 500 3073 in
518 3025 601 3074 Rome
618 3039 709 3073 waren
726 3029 812 3074 meest
828 3039 898 3085 arm3
921 3026 962 3073 als
979 3025 1036 3072 hun
1054 3024 1131 3087 eenig
1148 3023 1287 3072 buisraad

162 3097 254 3142 noemt
277 3094 367 3141 quen.
392 3093 450 3140 hier
472 3092 504 3139 de
526 3092 613 3141 moad
635 3098 691 3140 utet
714 3092 788 3154 honi,
812 3092 853 3141 die
876 3091 907 3155 zij
931 3091 1104 3154 gebruikten,
1128 3090 1213 3139 zooals
1233 3105 1286 3140 een

161 3160 287 3209 scholiast
304 3164 376 3222 zegt,
397 3173 440 3207 om
458 3173 488 3207 er
504 3159 555 3207 den
573 3159 624 3221 dag
640 3155 703 3207 vbbr
721 3159 772 3207 den
789 3157 907 3207 Sabbath
925 3158 972 3206 het
987 3162 1050 3206 eteu
1068 3172 1130 3206 voor
1148 3157 1198 3205 den
1217 3155 1285 3207 Sab-

162 3227 239 3290 bath,
264 3240 368 3288 waarop
392 3240 419 3274 ze
443 3239 508 3274 naar
529 3226 561 3274 de
584 3225 711 3274 Joodsehe
734 3228 787 3274 wet
808 3239 876 3287 geen
893 3240 963 3273 vunr
979 3224 1126 3288 gebruilren
1144 3224 1288 3287 moehten,

162 3307 245 3342 warm
262 3293 290 3341 in
308 3297 335 3341 te
353 3298 454 3352 zetten,
478 3296 534 3340 met
550 3292 611 3341 hooi
627 3296 654 3340 te
672 3306 801 3354 omgeven
818 3306 851 3340 en
869 3288 914 3340 zoe
931 3306 1014 3341 warrn
1032 3295 1060 3339 te
1077 3290 1196 3352 houden,
1216 3289 1286 3353 juist

161 3361 246 3409 zooals
269 3374 331 3408 men
354 3358 552 3422 tegenwoordig
574 3373 606 3421 op
629 3358 718 3407 nieuw
741 3358 829 3407 histen
852 3364 908 3406 met
930 3358 991 3407 hooi
1015 3372 1077 3407 voor
1096 3358 1142 3405 dat
1160 3357 1220 3405 doel
1237 3371 1285 3420 ge-

161 3426 306 3476 11111111,-
319 3422 355 3476 15.
374 3426 562 3475 mercedem
580 3425 742 3488 pendere:
761 3424 966 3489 klaarblijkelijk
983 3428 1073 3487 ergert
1089 3424 1136 3472 het
1149 3423 1290 3474 Iuvenalis

162 3494 208 3542 dat
230 3493 263 3540 de
285 3493 368 3541 Joden
392 3493 431 3540 dit
454 3492 534 3541 bosch
557 3496 613 3540 met
635 3492 814 3541 toebehooren
835 3492 940 3540 hadden
957 3506 1054 3554 mogon
1072 3491 1171 3540 hnren:
1194 3490 1289 3540 iedere

161 3559 238 3608 boom
262 3563 334 3607 moet
356 3558 552 3621 tegenwoordig
575 3559 655 3607 winst
676 3558 829 3621 opbrengen
850 3573 913 3608 voor
930 3559 977 3607 het
993 3558 1067 3620 voli,
1091 3570 1167 3606 maar
1183 3558 1215 3605 de
1232 3555 1286 3606 Ga-

161 3639 256 3674 menae
280 3624 512 3687 (magpodianeu,
537 3623 645 3683 Muren)
668 3639 720 3674 aan
743 3626 793 3674 wie
818 3627 864 3674 het
886 3624 966 3675 bosch
991 3625 1054 3674 door
1076 3623 1165 3673 Numa
1188 3623 1287 3687 gewijd

161 3707 229 3755 was,
253 3690 304 3755 zijn
328 3692 509 3754 uitgebannen
533 3706 566 3740 en
590 3693 637 3740 het
659 3692 739 3741 bosch
761 3693 814 3741 zelf
829 3697 900 3741 moet
917 3707 954 3741 nu
972 3692 1083 3741 bedelen
1100 3689 1165 3751 (wat
1181 3689 1234 3738 ziet
1250 3706 1288 3753 op

162 3760 214 3807 den
238 3758 346 3819 vorigen
369 3756 461 3821 regel).
478 3784 512 3792 -
529 3753 565 3807 17.
589 3761 787 3820 speluncas:
812 3774 874 3807 men
897 3759 950 3808 had
971 3759 1033 3807 deze
1050 3761 1155 3820 grotten
1173 3757 1289 3820 kunstig

163 3824 301 3874 verfraaid.
319 3849 353 3857 -
370 3819 407 3873 19.
430 3824 602 3874 eluderet:
620 3826 653 3874 de
671 3841 744 3875 vorm
762 3826 862 3875 cludo
880 3840 942 3875 voor
958 3825 1081 3875 claudo
1099 3824 1174 3872 komt
1190 3823 1218 3872 in
1236 3824 1288 3874 het

161 3892 274 3953 simplex
296 3889 411 3954 dilwijls
435 3906 495 3940 voor
519 3905 569 3939 van
593 3892 625 3941 de
643 3891 701 3942 iste
719 3907 794 3942 eenw
812 3909 838 3943 n.
856 3892 917 3943 Chr.
935 3893 969 3942 ai.
986 3918 1020 3926 —
1036 3888 1073 3941 21.
1096 3890 1233 3954 quando
1252 3907 1287 3935 =
