2850 4409
741 155 782 213 96

361 344 487 398 urantur
507 339 557 415 pia
577 344 644 397 tum
663 339 753 412 iociS,
775 345 900 398 urantur
920 341 1041 414 odores,

402 436 477 496 quos
497 425 583 478 tener
602 437 619 479 o
640 424 721 478 terra
741 419 835 479 divite
855 420 949 479 mittit
968 422 1073 480 Arabs.

322 498 424 575 bipse
446 484 615 559 suoffiosit
636 497 751 559 Genius
766 498 892 559 visurus
912 501 1054 574 honores,

402 578 451 637 oui
473 579 614 638 decorent
635 585 755 638 sanotss
776 579 877 638 mollia
898 587 978 640 serto
997 598 1105 640 eomas

362 658 445 717 illius
466 677 541 735 puro
562 659 718 718 destillent
737 665 872 736 tempora
891 660 999 734 nardo,

402 744 493 816 atque
514 744 597 798 satur
616 739 677 799 libo
699 739 739 798 sit
759 729 1051 817 madeatque‘mero,

362 825 474 896 annuet
493 825 540 893 et,
562 819 707 893 Cornuto,
729 819 799 893 tibi,
821 821 1030 898 quodcumque
1050 821 1176 897 rogabis.

303 899 342 957 10
397 893 532 974 effuge,
553 899 626 976 quid
647 902 769 959 cessas?
789 900 895 960 annuit
913 900 981 960 illo:
1003 919 1083 977 roga.

362 997 506 1055 auguror,
528 979 632 1038 uxoris
653 979 730 1038 fldos
751 979 868 1056 optabis
887 998 1019 1040 amores:

402 1058 462 1118 iam
482 1077 549 1119 reor
568 1060 626 1118 hoo
645 1059 728 1135 ipsos
748 1060 909 1119 edidicisse
930 1060 1010 1120 deos.

362 1157 418 1198 neo
438 1138 494 1198 tibi
514 1139 669 1212 malueriS,
690 1145 787 1198 totum
808 1158 1014 1218 quaecumque
1032 1159 1086 1217 per
1103 1142 1203 1200 orbem

402 1219 489 1278 fortis
509 1225 573 1278 arat
592 1219 692 1278 valido
713 1220 845 1279 rusticus
865 1240 936 1279 arva
956 1222 1044 1294 bove,

303 1300 343 1357 15
363 1317 419 1359 neo
439 1299 508 1373 tibi,
529 1318 714 1375 gemmarum
736 1300 880 1377 quioquid
900 1301 1040 1360 felicibus
1060 1301 1144 1359 Indis

403 1379 550 1453 noscitur,
571 1380 625 1439 Eoi
647 1398 707 1456 qua
727 1380 818 1439 maris
840 1381 921 1439 unda
940 1382 1035 1440 rubet.

364 1466 432 1518 vota
488 1460 572 1518 dunt.
593 1460 708 1519 utiam
729 1460 955 1537 strepitantibus
976 1461 1096 1520 advolat
1115 1461 1171 1519 alis

442 1558 461 1596 v
480 1541 543 1616 que'
559 1539 696 1616 coniugio
717 1540 837 1599 vincula
857 1546 956 1618 portat
976 1542 1082 1600 Amor!

267 1655 269 1658 v
364 1620 496 1694 vinouln,
514 1638 591 1697 quae
608 1625 747 1679 maneant
764 1637 895 1697 semper,
913 1621 986 1680 dum
1003 1621 1089 1679 tardo
1106 1625 1247 1680 senectus

302 1700 343 1758 20
403 1700 526 1759 induoot
545 1717 636 1776 rugas
655 1700 829 1838 ipfigiatque
850 1718 957 1760 eomas.

363 1781 437 1839 haee
456 1780 557 1839 veniat
577 1780 665 1856 genia
689 1798 703 1839 s
724 1798 804 1855 ams3
825 1782 985 1857 prolesque
1006 1780 1171 1854 ministret,

403 1860 488 1919 ludat
508 1866 543 1919 ut
562 1868 631 1920 ante
651 1866 719 1920 tuos
740 1862 828 1920 turba
847 1862 965 1921 novella
984 1861 1087 1937 pedes.

239 2537 255 2589 l.
279 2539 366 2587 bono
388 2537 503 2586 verbo:
528 2541 583 2585 met
605 2536 638 2585 de
659 2541 776 2599 grootste
794 2536 1040 2585 nauurlettendheid
1059 2537 1170 2599 zorgden
1189 2536 1222 2586 de
1239 2539 1332 2588 ouden

201 2620 234 2655 er
256 2620 331 2667 voor,
355 2604 401 2653 dat
423 2603 458 2668 bij
483 2603 615 2666 plechtige
637 2603 791 2652 offeranden
815 2617 848 2651 en
872 2603 970 2652 andere
993 2602 1161 2652 ceremoniin
1184 2604 1242 2652 hun
1261 2620 1332 2670 geon

203 2673 307 2734 woord,
331 2671 394 2721 zelfs
416 2671 473 2719 niet
495 2675 573 2733 tegen
598 2670 654 2718 hun
679 2669 734 2731 zin,
758 2670 901 2734 ontglipte,
925 2670 971 2719 dat
994 2684 1044 2719 een
1064 2670 1150 2719 slecht
1167 2673 1332 2722 voorteeken

206 2755 253 2788 zou
278 2739 389 2787 konnen
412 2736 472 2801 zijn.
495 2762 528 2771 -
551 2736 701 2800 Natalis,
728 2737 761 2785 de
785 2735 886 2786 Genius
909 2734 972 2800 (vgl.
995 2737 1020 2799 1,
1045 2735 1072 2799 7,
1096 2752 1132 2786 vs.
1150 2735 1197 2799 49,
1219 2735 1266 2800 63)
1285 2740 1333 2789 der

204 2806 342 2870 geboorte,
361 2805 392 2853 de
409 2803 626 2867 beschermengel
639 2799 773 2866 (δαίμων),
792 2803 854 2852 dien
865 2803 939 2852 ieder
950 2802 985 2867 bij
1000 2803 1068 2867 zijne
1080 2802 1204 2867 geboorte
1217 2807 1333 2869 ontving

201 2888 239 2922 en
262 2873 304 2921 die
329 2872 392 2920 hem
412 2875 453 2920 tot
470 2884 521 2920 aon
539 2870 585 2920 het
601 2870 663 2934 graf
676 2871 842 2933 vergezelde3
867 2870 956 2919 Horat
974 2870 1056 2933 Epist
1074 2870 1111 2933 ΙΙ,
1129 2869 1159 2933 2,
1179 2868 1234 2920 187.
1259 2870 1332 2922 Gen·

205 2940 283 2990 sorin.
306 2937 335 2987 3:
359 2936 461 2987 Genius
477 2942 518 2987 est
535 2938 614 3000 deus,
636 2937 714 2986 ouius
731 2937 759 2985 in
777 2938 877 2999 tutela,
900 2937 1062 3001 utquisque
1080 2942 1232 3001 natusest,
1255 2940 1332 2989 vivit.

205 3007 253 3057 Hic
270 3006 324 3056 sive
341 3006 412 3068 quod
430 3009 462 3053 ut
478 3018 609 3070 ponamur
625 3009 716 3067 curat,
739 3004 793 3053 sive
811 3004 882 3068 quod
900 3017 955 3052 una
972 3004 1081 3067 genitur
1097 3003 1249 3067 nobiscum,
1276 3007 1332 3056 sive

202 3075 287 3123 etium
310 3073 381 3136 quod
404 3086 452 3121 nos
474 3071 579 3134 genitos
601 3071 711 3134 suscipit
734 3085 765 3121 oo
787 3075 904 3134 tutatur,
928 3075 999 3120 certe
1023 3084 1039 3119 o
1062 3070 1216 3134 gemendo
1233 3074 1333 3135 genius

206 3142 362 3204 appellatur.
379 3165 413 3172 -
429 3164 462 3172 -
479 3136 580 3187 Genius
602 3142 694 3187 nutem
718 3138 756 3187 ito
778 3137 853 3187 nobis
876 3138 999 3188 assiduus
1021 3137 1173 3187 observator
1192 3141 1333 3201 appositus

206 3212 260 3271 est,
277 3212 309 3256 ut
326 3220 359 3255 ne
377 3210 475 3268 puncto
493 3205 601 3268 quidem
618 3206 747 3268 temporis
763 3204 869 3268 longius
884 3204 1020 3267 abscedat,
1038 3204 1085 3260 sed
1100 3203 1132 3253 ab
1146 3209 1223 3253 utero
1235 3207 1333 3256 matris

206 3280 326 3337 acceptos
355 3273 387 3321 od
413 3277 563 3322 extremum
590 3272 661 3321 vitoe
686 3272 757 3320 diem
783 3272 934 3321 comitetur.
959 3296 992 3305 -
1016 3268 1044 3321 4.
1075 3275 1175 3321 tener
1206 3269 1332 3323 Arabs:

202 3341 238 3390 de
261 3340 378 3401 scurolo,
401 3353 513 3402 mpero
535 3338 660 3388 Arabier.
683 3364 717 3372 —
739 3334 767 3388 8.
791 3338 874 3387 libo:
899 3352 947 3387 een
971 3338 1057 3388 libum
1075 3338 1105 3387 of
1120 3338 1188 3386 koek
1207 3353 1262 3388 was
1281 3354 1333 3389 een

207 3406 457 3456 hoofdhestanddeel
486 3420 538 3454 von
566 3406 614 3455 het
638 3405 778 3454 feestmoal
803 3419 836 3466 op
862 3405 914 3453 den
939 3404 1102 3468 veijsardag.
1127 3429 1161 3438 -
1186 3400 1213 3455 9.
1246 3404 1332 3456 Gor-

206 3478 301 3523 nute:
332 3471 366 3521 M.
398 3470 545 3535 Cornutus,
577 3486 626 3521 een
656 3472 747 3520 vriend
778 3485 828 3520 von
858 3471 993 3534 Tibullus,
1023 3475 1129 3533 praetor
1155 3470 1277 3522 urbanus
1304 3474 1332 3522 in

204 3539 226 3588 't
240 3539 299 3603 joar
325 3536 371 3600 43,
397 3539 528 3588 behoorde
554 3537 759 3602 waorsohijnlijk
786 3542 826 3587 tot
851 3538 883 3586 de
909 3552 974 3601 gens
1000 3535 1123 3600 Sulpicio.
1147 3562 1180 3571 —
1207 3534 1245 3588 ts.
1272 3539 1332 3589 Eoi

190 3606 323 3668 vmoris:
344 3605 376 3653 de
394 3605 528 3655 Perziscbe
545 3606 613 3669 golf,
631 3606 671 3654 als
687 3605 829 3654 onderdeel
846 3619 897 3654 von
914 3604 986 3654 More
1004 3604 1139 3666 Rubrum,
1157 3604 1189 3653 de
1206 3604 1333 3656 Indische

205 3672 256 3722 Zee
278 3669 415 3734 (onaan).
432 3697 465 3706 —
485 3668 521 3722 17.
548 3672 690 3734 eadunt,
715 3672 808 3721 eadere
830 3671 975 3721 beteekent
997 3670 1111 3735 dikwijls
1134 3670 1268 3721 hetzelfde
1292 3675 1333 3723 uls

203 3754 254 3789 ons
276 3738 409 3788 uitvollen
430 3753 463 3787 en
487 3739 572 3788 wordt
593 3752 706 3788 evenzoo
729 3739 758 3788 in
780 3738 881 3802 goeden
904 3753 937 3787 en
955 3739 983 3788 in
1000 3738 1113 3787 kwsden
1130 3738 1172 3786 zin
1189 3738 1332 3801 gebruikt:
1404 3757 1405 3762 ¹

204 3807 275 3921 ⁹⁰5}
296 3805 440 3919 uitrballen,
463 3805 546 3855 slecht
568 3806 714 3866 attention,
738 3806 796 3854 hier
815 3805 837 3854 is
854 3805 902 3854 het
918 3805 1072 3868 uitkomen,
1096 3805 1246 3869 bevertiyd,
1272 3821 1332 3857 oer-

206 3888 242 3921 oo
289 3885 344 3920 wor
364 3885 404 3920 eo.
