2850 4409
639 166 677 223 99

258 359 374 425 sancte,
398 351 480 424 reni,
501 358 661 427 tecumque
681 351 776 422 feraS,
797 350 981 427 quicumque
1003 368 1138 426 sopores,

201 433 235 490 10
298 432 479 508 quicumque
499 438 531 490 et
551 438 657 491 cantus
677 448 800 506 corpora
820 431 899 489 fessa
920 430 1037 504 levant3

258 530 319 569 neu
338 505 477 570 iuvenem
498 517 619 588 torque,
641 511 749 588 metuit
769 510 821 587 qui
842 511 902 569 fata
923 511 1042 586 puellae

298 598 425 669 votaque
445 610 500 667 pro
521 591 640 650 domina
661 591 713 648 vix
734 591 917 648 numeranda
937 591 1017 649 facit.

256 672 408 730 interdum
429 677 532 744 vovet,
553 671 720 742 interdum,
741 670 822 746 quod
842 671 982 746 langueat
1002 670 1071 744 illa,

301 751 374 810 dicit
393 752 425 809 in
446 757 582 810 aeternos
602 768 708 827 aspera
729 752 818 809 verba
839 751 918 809 deos.

202 834 237 890 15
258 850 335 908 pone
356 838 485 904 metum,
507 831 664 890 Cerinthe:
686 831 762 888 deus
783 848 842 888 non
862 830 955 889 laedit
975 838 1118 890 amantes

299 918 333 970 tu
353 912 441 970 modo
463 929 582 987 semper
601 929 681 969 ama:
705 911 787 968 salva
807 911 908 986 puella
928 911 981 969 tibi
1003 917 1058 970 est.

201 993 237 1049 21
259 992 301 1049 nil
323 1009 398 1067 opus
419 998 466 1050 est
485 992 574 1050 fletu:
596 990 729 1050 lacrimis
750 991 808 1049 erit
827 990 927 1066 aptius
949 990 1009 1063 uti,

300 1071 464 1148 siquando
485 1070 576 1130 fuerit
597 1070 711 1129 tristior
730 1070 783 1128 illa
804 1070 866 1129 tibi.

203 1154 235 1210 17
258 1156 289 1209 at
308 1169 389 1210 nunc
409 1157 471 1209 tota
491 1157 544 1209 tua
564 1157 625 1216 est,
649 1157 679 1209 te
696 1151 798 1233 solum,
818 1150 944 1208 candida
966 1168 1067 1209 secum

298 1231 423 1307 cogitat,
445 1239 476 1290 at
495 1232 607 1289 frustra
628 1230 752 1289 credula
773 1231 858 1289 turba
880 1231 972 1289 sedet.

259 1311 393 1384 Phoebe,
414 1311 497 1369 fave:
519 1312 585 1369 laus
607 1328 713 1386 magna
734 1310 789 1369 tibi
810 1310 958 1369 tribuetur
979 1309 1009 1368 in
1031 1329 1090 1368 uno

204 1392 238 1449 20
299 1409 421 1467 corpore
443 1397 560 1450 servato
581 1390 751 1449 restituisse
772 1391 855 1448 duos.

203 1472 237 1528 23
258 1471 317 1529 iam
339 1471 471 1542 celeber,
492 1470 553 1529 iam
574 1471 670 1529 laetus
691 1471 766 1543 eris,
788 1489 857 1528 cum
878 1470 977 1528 debita
999 1471 1103 1529 reddet

299 1550 436 1610 certatim
457 1551 567 1609 sanctis
588 1552 686 1610 laetus
706 1556 833 1627 uterque
854 1550 936 1608 focis.

204 1633 238 1689 25
259 1638 331 1689 tunc
352 1636 382 1689 te
403 1630 521 1689 felicem
543 1631 626 1690 dicet
647 1630 695 1706 pia
716 1632 804 1689 turba
824 1630 962 1702 deorum,

298 1712 443 1786 optabunt
463 1717 544 1770 artes
565 1716 595 1769 et
617 1711 672 1769 sibi
695 1711 823 1787 quisque
844 1715 920 1768 tuas,

121 1861 261 1874 Q*-

120 1954 160 2012 rgl.
176 1952 225 2002 Lib.
244 1957 266 2016 Ι,
284 1955 313 2015 5,
331 1952 439 2002 ll—lss.
458 1954 515 2003 Had
534 1969 595 2003 men
613 1956 645 2003 de
663 1955 748 2004 ziekte
766 1956 902 2004 bezworen
921 1971 953 2003 eu
972 1955 1111 2014 gehanneu
1130 1956 1156 2002 iu
1172 1970 1221 2002 eeu

120 2018 142 2064 of
160 2021 232 2069 ander
255 2022 332 2082 (ling,
356 2021 409 2068 dau
427 2022 507 2084 droeg
524 2037 586 2070 men
604 2023 643 2070 dit
660 2023 780 2085 rugliugs
798 2022 825 2070 in
843 2036 887 2070 zee
905 2023 933 2070 of
950 2023 1029 2083 wiern
1049 2022 1094 2069 het
1112 2022 1138 2069 iu
1156 2035 1221 2069 eene

120 2084 198 2147 rivier,
213 2088 251 2136 die
269 2089 316 2136 het
333 2101 399 2135 naar
416 2103 461 2136 zee
478 2089 580 2138 voerde.
595 2115 627 2122 —
642 2085 667 2138 9.
686 2103 840 2151 sopores,
858 2094 994 2149 cautus,
1013 2088 1221 2149 slaapmiddelen

120 2165 146 2198 eu
166 2155 394 2217 tooverspreuken,
418 2153 493 2203 beide
516 2170 559 2203 om
585 2156 630 2204 het
653 2156 798 2218 algematte
822 2156 935 2203 licbaanr
960 2161 1017 2203 rust
1039 2161 1065 2202 te
1086 2169 1169 2216 geren
1187 2169 1221 2202 en

120 2232 156 2266 zoo
175 2225 199 2267 te
217 2236 338 2284 genesen.
366 2220 423 2268 Van
443 2222 487 2269 het
505 2223 598 2285 ningen
617 2236 667 2270 van
684 2222 950 2271 toorerformuliereu
968 2227 1008 2269 ter
1026 2223 1153 2284 geneziug
1171 2236 1221 2269 ran

120 2284 209 2334 ziekten
236 2288 264 2336 of
292 2287 404 2336 wonden
434 2288 456 2335 is
485 2289 560 2337 reeds
585 2290 681 2351 sprake
706 2288 741 2351 bij
769 2289 844 2337 Hom.
871 2287 962 2351 Odyss.
989 2288 1035 2336 m:
1062 2287 1125 2350 457,
1152 2303 1223 2336 waar

118 2344 214 2414 ἐπαοιδῇ
230 2350 255 2401 δ’
275 2351 339 2416 αἷμα
357 2350 478 2401 κελαινὸν
496 2351 608 2417 ἔσχεθον
625 2370 675 2403 van
694 2356 745 2403 den
763 2356 908 2418 gewonden
925 2354 1067 2417 odysseus.
1088 2355 1221 2419 Vergelijk

119 2417 160 2465 ool
188 2419 257 2483 Verg.
285 2422 347 2470 Aen.
375 2419 402 2481 7,
429 2420 490 2469 757:
522 2437 610 2485 neque
640 2437 702 2470 eum
734 2420 919 2482 (Umbronem)
945 2422 1035 2470 iuuere
1062 2423 1089 2470 in
1115 2423 1223 2471 volnera

119 2490 201 2533 cantus
216 2488 355 2536 somniferi.
374 2513 406 2519 -
425 2483 460 2536 17.
479 2489 638 2551 candida,
656 2490 687 2537 de
705 2488 817 2551 blanke,
836 2490 924 2551 reine,
942 2490 1068 2546 sclroone3
1088 2488 1108 2536 ’t
1124 2489 1222 2552 schijnt

120 2550 158 2598 dat
178 2552 207 2599 de
229 2554 327 2603 diohter
350 2554 390 2602 dit
413 2555 550 2616 epitheton
574 2556 632 2603 hier
649 2556 774 2618 gebruilrt
792 2561 847 2604 met
864 2558 910 2604 het
927 2571 976 2616 oog
993 2571 1025 2617 op
1043 2557 1075 2603 de
1094 2556 1222 2618 volgende

120 2618 241 2668 woorden:
265 2621 382 2684 vergeefs
407 2621 442 2668 zit
465 2622 496 2670 de
520 2623 594 2671 drorn
618 2636 669 2670 vau
693 2623 844 2670 vereerders
868 2638 929 2670 voor
954 2624 1016 2670 baro
1041 2623 1120 2672 deur,
1147 2624 1170 2670 al
1196 2630 1222 2670 te

120 2681 177 2731 licht
191 2688 342 2748 geloovende
360 2693 414 2734 wat
431 2687 461 2750 rij
482 2688 575 2750 tropen.
