2850 4409
673 151 729 210 172

341 339 404 397 sive
425 338 605 397 redundatas
625 336 749 395 flumine
769 335 849 410 cogit
869 352 978 410 aquae,

300 419 451 495 protinus,
471 423 597 494 aequato
618 416 708 475 siccis
728 414 918 491 aquilonibus
940 414 1058 486 Histro,

337 497 492 556 invehitur
511 496 602 556 celeri
623 497 765 555 barbarus
786 495 882 553 hostis
902 512 996 571 equo:

242 580 281 637 55
301 577 396 637 hostis
416 595 493 654 equo
513 576 629 653 pollens
650 576 798 651 longeque
818 574 937 633 volante
958 571 1067 649 sagitta

341 657 468 716 vicinam
488 657 549 715 late
569 656 769 732 depopulatur
788 656 922 713 humum.

301 737 464 813 diffugiunt
483 736 550 809 alii,
570 735 723 811 nullisque
743 733 896 793 tuentibus
916 751 1004 808 agros

341 817 539 876 incustoditae
560 815 744 891 diripiuntur
764 831 851 890 opes:

302 897 381 956 ruris
402 914 473 972 opes
493 907 617 973 parvae,
638 912 732 970 pecus
752 901 784 952 et
804 893 962 952 stridentia
983 892 1133 968 plaustra,

243 978 281 1035 60
341 984 373 1035 et
393 994 467 1053 quas
488 975 608 1034 divitias
627 974 727 1033 incola
747 991 860 1050 pauper
880 974 978 1033 habet.

303 1074 372 1133 pars
392 1057 491 1131 agitur
511 1055 620 1113 vinctis
640 1061 709 1130 post
729 1061 846 1129 tergum
868 1058 955 1129 capta
976 1052 1111 1124 lacertis,

343 1135 506 1213 respiciens
526 1136 638 1193 frustra
658 1152 729 1192 rura
747 1134 901 1209 laremque
923 1150 1027 1191 snum:

303 1234 372 1292 pars
393 1216 474 1274 cadit
494 1214 621 1274 hamatis
641 1213 751 1272 misere
771 1214 889 1272 confixa
910 1212 1044 1287 sagittis:

343 1314 411 1355 nam
432 1295 546 1354 volucri
566 1296 645 1353 ferro
666 1293 782 1352 tinctile
804 1293 887 1350 virus
906 1292 995 1351 inest.

246 1377 284 1433 65
304 1394 380 1451 quae
401 1382 554 1451 nequeunt
575 1391 676 1433 secum
696 1374 776 1432 ferre
796 1379 849 1431 aut
868 1373 1034 1443 abducere,
1055 1371 1208 1448 perdunt,

345 1462 376 1514 et
396 1461 508 1515 cremat
527 1454 660 1512 insontes
681 1452 796 1511 hostica
816 1454 936 1510 flamma
956 1469 1049 1510 casas.

305 1541 377 1596 tunc
394 1552 525 1611 quoque,
542 1552 612 1593 cum
628 1552 688 1608 pax
707 1540 767 1604 est,
787 1532 939 1608 trepidant
955 1530 1114 1590 formidine
1133 1531 1223 1603 belli,

285 1613 287 1616 ’
345 1634 401 1673 nec
421 1615 580 1691 quisquam
601 1630 705 1689 presso
725 1630 845 1671 vomere
866 1612 963 1671 sulcat
983 1612 1117 1669 humum.

305 1701 357 1754 aut
370 1695 465 1766 videt,
480 1703 532 1752 aut
544 1692 650 1751 metuit
660 1693 745 1751 locus
757 1692 818 1764 hic,
833 1709 922 1768 quem
938 1709 997 1750 non
1007 1691 1108 1764 videt‚·
1118 1691 1265 1767 hostem;
1321 1745 1324 1752 ,

246 1775 284 1832 70
345 1780 445 1834 cessat
465 1773 545 1832 iners
566 1773 662 1847 rigido
682 1779 763 1831 terra
782 1772 887 1830 relicta
907 1771 976 1829 situ.

305 1872 365 1913 non
385 1854 434 1912 hic
453 1853 612 1930 pampinea
632 1852 731 1910 dulcis
751 1851 826 1910 latet
846 1870 905 1910 uva
926 1852 982 1909 sub
1002 1852 1121 1923 umbra,

345 1952 401 1992 neo
421 1933 575 1992 cumulant
595 1932 672 1991 altos
692 1932 808 1991 fervida
829 1939 927 1989 musta
948 1931 1041 1990 lacus.

307 2032 394 2089 poma
414 2020 504 2088 negat
523 2011 613 2087 regio,
635 2029 691 2070 nec
711 2012 835 2070 haberet
855 2011 1016 2084 Acontius,
1036 2011 1069 2068 in
1090 2028 1150 2086 quo

348 2093 490 2152 scriberet
510 2092 560 2150 hic
580 2091 717 2150 dominae
739 2092 828 2150 verba
848 2091 977 2165 legenda
998 2108 1078 2149 suae.

248 2175 287 2231 75
307 2174 456 2249 aspiceres
477 2172 573 2230 nudos
595 2171 658 2229 sine
679 2171 800 2243 fronde,
822 2170 886 2230 sine
907 2172 1027 2243 arbore,
1048 2187 1186 2246 campos:

348 2255 406 2311 heu
427 2253 491 2311 loca
511 2251 590 2310 felici
613 2269 671 2309 non
691 2250 830 2309 adeunda
851 2250 929 2308 viro!

279 2389 283 2398 ,
308 2351 378 2407 ergo
398 2340 458 2391 tam
480 2333 539 2391 late
560 2340 660 2407 pateat
679 2349 749 2389 cnm
770 2332 920 2388 maximus
942 2330 1036 2402 orbis,

349 2414 422 2471 haec
444 2418 490 2470 est
510 2411 542 2469 in
562 2429 688 2487 poenam
708 2417 789 2469 terra
807 2416 926 2486 reperta
946 2428 1052 2469 meam.

650 2739 702 2812 rv,
726 2740 772 2797 ro.

529 2901 597 2941 ILLE
618 2901 674 2942 EGO
695 2901 748 2951 qul
767 2900 890 2940 Fuerant.

310 3025 366 3083 Ille
387 3043 442 3100 ego
463 3025 513 3101 qui
535 3025 658 3099 luerim,
679 3034 850 3083 tenerorum
868 3025 955 3083 'lusor
975 3043 1126 3098 amorum,

351 3105 553 3181 quem'legis,
574 3113 608 3164 ut
629 3104 725 3177 neria,
746 3105 848 3180 accipe
869 3104 1036 3180 posteritas.

153 3259 259 3325 (aquas)
290 3268 419 3329 marium,
450 3266 504 3315 sive
534 3282 617 3331 aquas
648 3268 810 3317 redundatas
842 3268 881 3328 (in
912 3266 981 3330 ipso)
1014 3269 1126 3317 flumine
1156 3276 1222 3321 cett.
1250 3298 1286 3307 -

154 3324 199 3404 79.
217 3336 343 3395 cessat,
362 3333 412 3394 lipt
431 3333 523 3382 brock.
536 3359 569 3369 —-
583 3331 628 3384 73.
647 3334 826 3383 Acontius:
842 3330 986 3394 Ἀκόντιος,
1003 3350 1052 3384 een
1067 3334 1213 3401 jongeling
1231 3354 1286 3389 van

155 3401 211 3440 met
222 3396 419 3471 'aanpienlijken
437 3401 528 3459 stand,
546 3402 616 3450 werd
635 3401 745 3450 verliefd
762 3416 795 3463 op
810 3399 939 3465 Cydippe,
958 3402 991 3450 de
1006 3401 1117 3451 dochter
1128 3417 1182 3453 van
1194 3418 1286 3455 eenen

156 3462 346 3524 aauzrenlqken
364 3464 489 3514 Athener.
508 3465 547 3529 Op
564 3482 613 3517 een
631 3470 707 3531 appel
725 3468 830 3517 schreef
846 3468 882 3533 hij
901 3469 933 3517 de
951 3469 1087 3518 woordeu:

367 3531 425 3578 iuro
442 3532 490 3581 tibi
507 3548 570 3583 sane
587 3550 634 3597 per·
650 3535 763 3597 mystica
779 3549 854 3584 sacra
871 3535 969 3584 Dianae

368 3611 410 3644 me
426 3597 474 3646 tibi
491 3607 632 3650 venturam
649 3602 774 3658 comitem
791 3616 969 3665 sponsamque
987 3602 1115 3651 futuram.

157 3651 186 3696 ln
209 3651 260 3700 den
274 3660 382 3729 ¹'tempel
406 3677 456 3711 ran
480 3665 564 3715 Diana
587 3669 667 3731 wierp
692 3667 727 3732 hij
752 3669 834 3717 dezen
851 3669 927 3732 appel
945 3683 1009 3718 voor
1025 3667 1167 3732 Cydippe’s
1185 3678 1287 3721 voeten

157 3728 228 3764 neer.
254 3718 289 3781 ZrJ
314 3737 377 3800 narn
402 3729 463 3805 hem
486 3746 532 3795 op,
556 3736 595 3783 las
615 3736 648 3785 de
666 3736 803 3798 woorden‚
826 3750 860 3784 en
878 3750 933 3784 was
950 3750 995 3785 zoo
1012 3734 1047 3799 bij
1066 3736 1131 3784 aede
1150 3739 1287 3800 verplicht

157 3778 240 3893 qpvapt
264 3791 316 3834 wat
338 3805 366 3838 m
390 3793 494 3844 Drana's
514 3803 613 3863 tempel
631 3804 728 3866 gezegd
746 3803 775 3851 of
789 3811 926 3865 gezworen
944 3816 1012 3865 was,
1035 3803 1127 3852 rnocht
1144 3803 1204 3853 niet
1222 3820 1287 3854 ver·

176 3860 203 3892 ro
224 3861 257 3895 en
275 3855 392 3918 worden)
410 3860 536 3913 Acontius
553 3871 593 3915 tot
609 3884 672 3918 man
684 3874 711 3918 te
725 3884 829 3918 nemen.
848 3869 905 3932 ugr.
919 3870 999 3932 Epist.
1013 3869 1118 3918 Heroid.
1131 3869 1210 3934 XIX,
1227 3872 1287 3922 XX.
