2850 4409
721 143 778 200 128

350 326 428 385 bella
448 326 521 385 satis
542 327 653 386 cecini:
674 328 819 387 citharam
838 328 899 387 iam
919 329 1016 406 poscit
1036 331 1145 406 Apollo

288 406 329 466 70
390 405 486 466 vietor
504 412 536 465 et
556 407 594 466 ad
614 407 749 483 placidos
768 408 855 468 exuit
874 428 957 467 arma
976 411 1089 469 choros

349 486 475 545 candida
495 505 576 546 nunc
598 487 681 546 molli
702 489 829 547 subeant
849 488 985 548 convivia
1004 490 1084 564 loeo,

389 566 599 644 blanditaeque
620 568 715 626 fluant
735 586 789 644 per
809 586 875 628 mea
895 569 974 628 colla
994 588 1093 644 rosae,

349 647 478 723 vinaque
498 647 663 706 fundantur
682 647 793 723 praelis
813 649 888 707 elisa
907 648 1055 723 Falernis,

389 732 496 803 terque
516 726 597 786 lavet
617 734 735 786 nostras
756 728 838 804 spica
859 728 968 788 Cilissa
988 748 1096 789 comas.

289 809 329 867 75
349 806 503 883 ingenium
523 807 602 883 potis
622 807 726 867 inritet
747 807 833 867 Musa
852 809 965 884 poetis:

389 887 521 959 Bacche,
543 887 622 946 soles
642 888 762 947 Phoebo
782 889 891 948 fertilis
912 907 979 948 esse
999 895 1059 949 tuo.

348 965 400 1026 ille
421 966 581 1043 paludosos
602 973 747 1027 memoret
768 969 880 1028 servire
901 969 1096 1043 Sycambros,

391 1046 540 1122 Cepheam
562 1047 611 1106 hic
632 1047 753 1107 Meroen
773 1048 918 1126 fuscaque
938 1067 1030 1126 regua
1049 1055 1150 1120 canat,

348 1126 398 1186 hie
418 1127 527 1186 referat
548 1145 614 1186 sero
633 1128 803 1187 confessum
824 1129 944 1188 foedere
965 1130 1124 1189 Parthum:

289 1208 328 1265 80
389 1206 513 1279 „reddat
533 1207 618 1282 signa
637 1208 737 1281 Remi,
759 1226 829 1266 mox
850 1209 933 1268 dabit
952 1209 1018 1286 ipse
1040 1228 1109 1268 sua:

350 1287 414 1346 sive
434 1286 549 1363 aliquid
568 1288 717 1363 pharetris
738 1290 895 1364 Augustus
915 1295 1018 1365 parcet
1037 1289 1123 1362 Eois,
1175 1361 1178 1369 Ι

390 1366 510 1425 differat
529 1366 561 1425 in
581 1385 690 1444 pueros
711 1368 769 1426 ista
790 1375 910 1445 tropaea
931 1387 1009 1428 suos.

349 1447 461 1523 gaude,
483 1447 605 1519 Crasse,
626 1446 728 1524 nigras
749 1447 850 1525 siquid
871 1449 952 1525 sapis
971 1449 1051 1508 inter
1071 1451 1213 1509 harenas:

389 1527 434 1586 ire
454 1545 509 1603 per
527 1527 702 1603 Euphraten
723 1528 762 1587 ad
782 1534 834 1588 tua
854 1530 942 1588 busta
961 1529 1064 1588 licet.’'

281 1608 329 1665 '85
350 1607 394 1666 sic
413 1612 531 1666 noctem
550 1613 669 1683 patera,
691 1608 735 1667 sic
755 1608 862 1667 ducam
883 1609 1029 1683 carmine,
1050 1609 1144 1668 donec

388 1687 494 1746 iniciat
514 1687 613 1746 radios
633 1688 665 1745 in
686 1706 752 1747 mea
773 1688 842 1747 uina
862 1689 936 1748 dies,

694 2060 736 2135 v,
759 2063 805 2120 11.

674 2249 829 2290 CORNELIA.

223 2400 359 2463 Cornelia,
381 2403 414 2451 de
437 2402 610 2450 stiefdochter
632 2416 683 2450 van
706 2401 858 2465 Augustus,
883 2402 924 2450 uit
947 2401 994 2450 het
1010 2407 1096 2450 eerste
1114 2402 1246 2464 huwelijk
1264 2419 1319 2452 ran

189 2470 265 2518 diens
287 2470 389 2518 tweede
413 2483 504 2517 vrouw
521 2467 669 2531 Scribonia,
694 2470 726 2517 de
744 2468 854 2518 dochter
870 2483 921 2517 van
938 2467 1091 2518 Scribonius
1108 2468 1185 2531 Libo,
1211 2475 1270 2519 met
1290 2471 1319 2519 P.

190 2534 327 2585 Cornelius
344 2534 443 2599 Scipio,
467 2534 596 2598 geberch,
617 2535 714 2584 huwde
731 2540 788 2584 met
804 2534 831 2584 L.
850 2534 979 2584 Aemilius
998 2534 1121 2598 Paullus,
1139 2549 1188 2584 een
1207 2550 1319 2600 censor,

189 2728 309 2790 triumph
326 2728 390 2776 door
406 2728 438 2775 de
456 2732 558 2776 straten
576 2741 625 2775 van
643 2726 734 2776 Rome.
746 2752 781 2760 -
792 2722 837 2777 73.
857 2726 1024 2776 Falernis:
1045 2727 1079 2776 de
1096 2727 1223 2777 Falerner
1236 2730 1318 2794 wijn,

189 2809 336 2859 gewonnen
360 2808 410 2843 van
434 2794 485 2843 den
505 2808 568 2858 ager
584 2793 727 2858 Falernus,
750 2808 801 2842 aan
819 2794 871 2842 den
888 2799 949 2843 voet
965 2807 1016 2843 van
1034 2794 1085 2842 den
1103 2794 1168 2858 berg
1185 2794 1320 2845 Massicus

189 2863 217 2911 in
236 2859 392 2924 Campania,
410 2861 470 2926 gold
487 2876 550 2910 voor
566 2860 617 2909 den
635 2860 741 2924 besten,
759 2859 801 2909 die
818 2861 846 2909 in
864 2860 939 2910 ltalia
957 2861 1070 2924 groeide.
1089 2860 1130 2924 Hij
1150 2875 1206 2910 was
1221 2862 1320 2912 helder

190 2930 248 2992 geel
271 2942 321 2977 ran
345 2928 436 2991 kleur,
460 2942 519 2977 zeer
540 2928 629 2991 vurig,
653 2942 728 2976 maar
751 2931 805 2976 wat
826 2941 931 2992 wrang,
955 2941 1070 2978 waarom
1095 2927 1130 2992 hij
1153 2930 1317 2994 gewoonlijlr

190 3001 246 3045 met
268 2996 385 3044 anderen
405 2995 468 3059 wijn
486 2994 628 3057 vermengd
647 2993 800 3057 gedronken
818 2994 896 3042 werd.
923 2994 943 3042 ‘t
961 2993 1023 3042 Best
1039 3009 1093 3044 was
1111 2993 1163 3058 hij,
1187 3009 1319 3045 wanneer

190 3062 226 3127 hij
253 3076 384 3126 ongeveer
409 3061 442 3111 15
465 3062 523 3125 J'aar
546 3062 656 3124 gelegen
681 3061 747 3124 had,
771 3061 822 3123 vgl.
845 3060 901 3109 Tib.
926 3059 964 3124 ll,
987 3060 1017 3123 1,
1035 3058 1075 3110 28.
1092 3086 1128 3094 —
1144 3057 1191 3112 74.
1219 3063 1318 3125 spica

189 3128 329 3192 Cilissa,
347 3130 380 3178 de
397 3128 524 3191 sallraan,
541 3142 662 3190 crocum,
679 3124 795 3190 κρόκον,
814 3127 962 3176 waarmede
979 3129 1037 3176 vele
1054 3128 1163 3177 streken
1181 3128 1210 3177 ln
1221 3126 1318 3179 Cilicia

190 3196 264 3246 dicht
288 3196 388 3246 bedelrt
412 3209 514 3257 waren,
541 3193 634 3244 Strabo
659 3193 729 3257 XIV,
751 3193 782 3257 4,
799 3193 823 3242 5.
850 3194 880 3242 ln
904 3193 924 3242 't
940 3199 1032 3243 costen
1054 3194 1139 3258 groeit
1156 3195 1220 3244 deze
1237 3197 1318 3258 plant

190 3264 340 3327 veelvuldig
361 3263 389 3311 in
413 3262 460 3311 het
482 3263 557 3322 wild3
582 3260 612 3326 zij
638 3262 769 3310 vereischt
785 3274 834 3309 een
852 3275 935 3310 warm
952 3261 1064 3310 hlimaat
1081 3275 1114 3310 en
1132 3275 1183 3310 een
1201 3263 1317 3311 vrucht-

190 3330 272 3380 baren
296 3330 398 3379 badam.
415 3354 449 3363 —
465 3325 511 3380 78.
538 3327 719 3392 Cepheam:
746 3326 867 3390 Cepheus
889 3329 912 3377 is
935 3327 963 3376 in
986 3327 1019 3377 de
1042 3342 1104 3391 sage
1128 3328 1160 3376 de
1178 3342 1242 3378 zoon
1264 3344 1316 3378 ran

190 3396 285 3445 Beleus
307 3410 341 3445 en
362 3395 441 3445 vader
458 3411 509 3445 van
526 3395 706 3458 Andromeda,
731 3394 831 3457 koning
848 3394 895 3443 der
912 3394 1076 3457 Aethiopiers
1094 3395 1122 3443 in
1139 3394 1241 3457 Meroe,
1266 3401 1317 3445 ten

189 3463 283 3511 zuiden
308 3477 358 3511 van
382 3461 508 3526 Aegypte.
526 3488 559 3496 -
576 3458 621 3512 79.
648 3462 859 3524 confessum,
883 3461 928 3510 die
950 3461 1008 3509 zicb
1030 3475 1178 3522 pauonncn
1194 3475 1317 3524 qeyeven

190 3529 320 3590 heeft—
337 3525 383 3580 8⁰.
410 3529 532 3578 reddat
558 3530 667 3593 signa,
694 3530 746 3591 agl.
769 3527 820 3590 lll,
843 3527 873 3591 1,
897 3527 937 3577 11.
955 3551 989 3561 -·
1006 3527 1112 3576 Remi:
1140 3529 1197 3577 n‘iet
1220 3529 1315 3578 zelden

189 3596 274 3645 wordt
298 3595 412 3659 Remus,
437 3595 466 3644 in
489 3597 574 3658 plaats
595 3610 646 3645 van
671 3595 814 3658 RomuluS,
837 3596 876 3644 als
899 3598 1102 3657 repraesentant
1126 3609 1177 3644 van
1195 3595 1241 3643 het
1260 3595 1316 3644 Ro·

189 3662 325 3712 meinsche
344 3662 405 3710 vollr
422 3663 560 3724 genoemd.
576 3687 610 3696 -
627 3658 664 3713 8l.
689 3661 903 3724 pharetris..
919 3661 1009 3710 Eois:
1032 3661 1064 3710 de
1081 3661 1178 3710 vollen
1197 3675 1247 3710 van
1267 3662 1317 3711 het

190 3726 302 3790 Oesten,
320 3728 351 3776 de
369 3728 486 3776 Parthen
504 3730 605 3791 moral,
623 3743 713 3777 waren
728 3727 869 3776 bebroemd
882 3731 921 3777 als
933 3727 1138 3792 voortrellelijlre
1150 3728 1315 3792 boogschut·

189 3799 251 3842 ters.
269 3819 302 3826 -
319 3789 365 3844 82.
388 3807 524 3856 pueros,
547 3794 579 3843 de
603 3795 748 3843 stiefzonen
772 3808 823 3842 van
841 3794 922 3857 hug„
939 3793 1061 3843 Tiberius
1077 3809 1112 3842 en
1131 3794 1246 3857 DrusuS,
1269 3795 1314 3844 die

189 3859 217 3906 in
236 3859 283 3906 het
298 3863 391 3907 oosten
407 3864 488 3921 tegen
505 3859 537 3907 de
554 3860 670 3908 Parthen
688 3861 803 3909 straden.
818 3886 852 3895 -
866 3857 912 3912 83.
931 3860 1034 3923 sapis,
1053 3861 1104 3923 agl.
1122 3861 1173 3923 lll,
1191 3862 1220 3923 5,
1237 3860 1279 3911 at.
