2850 4409
758 172 775 229 2

365 356 576 433 placatumque
597 356 674 415 nitet
694 356 804 416 diffuso
824 357 937 416 lumine
959 358 1086 417 caelum.

306 437 343 495 10
364 454 434 494 nam
456 436 546 494 simul
566 455 601 495 ac
622 436 739 513 species
758 438 936 513 patefactast
956 456 1048 496 verna
1068 437 1128 497 diei

365 521 396 575 et
416 521 547 575 reserata
567 516 650 592 viget
670 516 840 592 genitabilis
861 535 933 576 aura
952 517 1078 592 Favoni,

364 596 461 688 aeriae
482 595 611 688 primum
633 597 770 656 volucres
791 603 835 671 te,
857 596 941 671 diva,
962 602 1108 674 tuumque

362 677 538 815 iiiiii
554 677 1109 833 ttttsptttlttttttlttu

306 838 344 895 15
365 841 396 895 et
416 835 536 913 rapidos
556 842 675 895 manant
695 836 807 896 amnis:
829 837 872 895 ita
892 848 980 914 capta
1000 838 1102 914 lepore

362 921 393 987 tc
414 916 550 993 sequitur
570 916 679 993 cupide
700 935 759 993 quo
780 935 930 993 quamque
950 917 1093 976 inducere
1113 917 1238 993 pergis,

363 996 493 1073 denique
512 1014 568 1072 per
587 996 680 1055 maria
699 1015 736 1056 ac
755 996 866 1056 montis
886 997 1054 1074 fluviosque
1074 997 1190 1076 rapacis

362 1075 601 1153 frondiferasque
622 1076 725 1135 domos
746 1077 847 1135 avium
868 1094 1047 1154 camposque
1067 1076 1192 1136 virentis

346 1156 501 1220 ¹omnibus
523 1155 673 1215 incutiens
694 1156 838 1215 blandum
858 1175 913 1234 per
931 1163 1053 1234 pectora
1072 1175 1202 1216 amorem

303 1236 341 1296 20
362 1236 457 1295 efficis
477 1242 513 1295 ut
532 1236 641 1312 cupide
661 1236 827 1312 generatim
848 1237 945 1296 saecla
964 1242 1138 1314 propagent.

362 1334 438 1392 quae
460 1317 599 1393 quoniam
619 1334 720 1375 rerum
741 1322 877 1375 naturam
899 1317 961 1375 sola
981 1317 1144 1393 gubernas,

361 1414 417 1455 nec
438 1395 502 1455 sine
523 1402 553 1455 te
576 1395 736 1473 quicquam
757 1396 822 1455 dias
842 1396 875 1455 in
894 1396 1018 1455 luminis
1039 1414 1105 1456 oras

360 1476 495 1535 exoritur
514 1494 612 1553 neque
633 1477 668 1535 fit
687 1476 801 1535 laetum
821 1495 919 1553 neque
939 1476 1065 1536 amabile
1086 1476 1263 1553 quicquam,

362 1562 392 1614 te
414 1555 524 1615 sociam
545 1553 651 1615 studeo
674 1555 840 1615 scribendis
860 1556 998 1616 versibus
1019 1574 1101 1631 esse,

301 1636 340 1694 25
361 1653 436 1713 quos
457 1654 512 1711 ego
533 1636 570 1695 de
591 1654 691 1695 rerum
712 1641 819 1695 natura
838 1654 968 1713 pangere
989 1654 1079 1696 conor

359 1715 557 1775 Memmiadae
577 1720 694 1791 nostro,
716 1734 806 1793 quem
826 1721 876 1790 tu,
898 1716 968 1791 dea,
990 1723 1123 1793 tempore
1143 1716 1175 1774 in
1196 1716 1278 1775 omni

202 1959 348 2022 breupead.
366 1984 399 1991 -
416 1954 443 2008 9.
465 1960 636 2021 placatum
655 1960 720 2008 daar
736 1973 772 2007 na
788 1960 840 2008 den
857 1960 953 2008 winter
969 1959 1079 2023 fugiunt
1095 1960 1167 2009 venti
1184 1965 1212 2009 et
1228 1959 1328 2010 nubila

177 2023 180 2028 ’
199 2020 362 2076 caeli-ld.
379 2026 506 2088 species
522 2039 621 2074 verna
637 2026 712 2074 diei:
731 2027 800 2075 dies
814 2031 885 2075 staat
897 2026 955 2075 bier
966 2041 1029 2076 voor
1040 2026 1089 2091 tijd
1101 2027 1326 2092 in’talgemeen,

198 2093 398 2142 ’tlenteschoon
413 2107 464 2140 van
476 2092 526 2140 den
539 2090 601 2155 tijd,
619 2092 653 2142 de
664 2092 778 2141 schooae
790 2091 918 2155 leatetz'jd.
928 2118 962 2130 —-
972 2089 999 2143 ΙΙ.
1018 2093 1213 2157 genitabilis
1228 2098 1278 2141 act.
1290 2111 1323 2139 =

198 2160 220 2209 is
238 2160 286 2223 qui
303 2158 401 2223 gignit,
420 2156 464 2207 zuo
482 2158 596 2222 dikwijls
613 2158 648 2223 bij
667 2159 784 2208 dichters
802 2159 1032 2222 penetrabilis,
1055 2159 1325 2222 impenetrabilis

198 2241 285 2289 enzu,
302 2226 330 2275 in
348 2240 425 2288 proza
441 2224 652 2287 exitiabilis,
671 2225 899 2289 perniciabilis
916 2240 989 2275 enzv.
1011 2226 1049 2275 De
1067 2226 1229 2275 Favonius
1246 2226 1269 2275 is
1287 2228 1321 2277 de

198 2292 341 2342 Grieksche
360 2292 502 2355 zephyros,
520 2292 551 2340 de
569 2292 751 2341 westenwind.
769 2292 838 2341 Voor
854 2293 886 2341 de
902 2292 1039 2346 bewoners
1056 2307 1108 2341 van
1121 2293 1197 2342 italie
1211 2308 1266 2342 was
1280 2293 1320 2359 hij

197 2360 229 2408 de
250 2358 408 2421 lentewind,
431 2358 473 2407 die
491 2358 568 2407 zacht
584 2359 673 2407 weder
689 2359 847 2408 aanbracbt:
870 2359 1037 2422 „solvitur
1051 2396 1073 2409 ..
1089 2359 1197 2409 hiems
1221 2365 1322 2423 grata
1356 2372 1358 2378 ’

198 2427 266 2475 vice
285 2426 371 2474 veris
388 2429 420 2473 et
437 2425 563 2473 Favoni.
581 2425 640 2473 Hor.
660 2424 745 2474 Garm.
759 2424 783 2474 l.
796 2425 820 2475 4,
833 2425 856 2474 l.
876 2425 939 2475 Hier
949 2426 972 2475 is
984 2426 1134 2491 natuurlijk
1146 2441 1212 2490 gean
1224 2432 1321 2490 tegen-

197 2491 292 2555 spraak
310 2496 367 2540 met
383 2506 419 2540 vs.
437 2490 466 2540 6:
488 2496 519 2540 te
543 2492 685 2554 lugiunt
708 2492 816 2555 venti,
840 2507 910 2541 waar
928 2493 960 2541 de
976 2494 1190 2542 winterstormen
1207 2493 1319 2543 bedoeld

197 2559 313 2609 worden.
330 2584 363 2591 -
382 2553 419 2608 14.
444 2559 537 2607 ferae
556 2559 704 2621 pecudes
721 2560 931 2622 persultant,
948 2559 968 2608 't
985 2575 1032 2609 vee
1050 2560 1096 2609 dat
1112 2560 1207 2609 anders
1224 2565 1279 2608 tam
1295 2560 1321 2609 is

198 2622 334 2688 (pecudes)
351 2625 440 2688 spingt
457 2640 495 2673 nu
513 2624 553 2686 (in
570 2625 622 2673 den
639 2624 792 2690 bronsttijd)
809 2626 871 2674 wild
889 2626 953 2675 door
971 2626 1002 2674 de
1019 2627 1111 2675 welde.
1127 2652 1161 2660 —
1179 2621 1214 2677 16.
1233 2626 1319 2675 Neem

196 2693 238 2741 uit
262 2706 433 2755 quamque
456 2692 508 2740 den
531 2691 660 2740 nominat.
677 2707 834 2756 quaeque
852 2694 891 2741 als
908 2692 1012 2742 subiect
1028 2692 1062 2757 bij
1082 2693 1256 2756 sequitur:
1279 2693 1320 2741 ita

196 2762 274 2821 capta
296 2760 385 2821 lepore
408 2756 478 2819 (tuo)
501 2772 624 2821 quaeque
646 2763 674 2807 te
697 2760 820 2822 sequitur
841 2774 894 2822 quo
914 2757 997 2820 (eam)
1014 2760 1139 2809 inducere
1173 2759 1254 2823 ergis:
1278 2759 1319 2809 dit

197 2826 294 2874 laatste
309 2825 471 2874 werkwoord
487 2825 562 2873 heeft
572 2825 632 2874 hier
643 2825 676 2873 de
689 2826 784 2875 kracht
796 2840 846 2874 van
859 2840 909 2874 een
921 2826 1084 2876 adverbium.
1093 2852 1126 2860 -
1134 2775 1179 2877 28.
1197 2826 1320 2890 saecla,

196 2891 272 2941 lucr.
295 2891 421 2955 gebruilrt
439 2891 514 2956 altijd
532 2891 615 2940 dezen
632 2906 720 2954 vorm,
743 2892 816 2942 nooit
832 2894 978 2942 saecula.
995 2918 1029 2926 —
1046 2889 1090 2943 22.
1115 2893 1188 2941 dies
1210 2892 1244 2941 in
1267 2892 1318 2940 lu-

196 2958 298 3008 minis
315 2973 404 3021 cras,
423 2959 453 3008 ia
470 2959 503 3008 de
519 2958 698 3008 relitterando
714 2959 816 3009 cardea
832 2959 878 3008 des
896 2960 992 3020 lichts;
1008 2960 1070 3008 dius
1086 2974 1137 3008 ran
1155 2960 1207 3008 den
1223 2961 1321 3008 wortel

196 3026 251 3089 div,
271 3026 428 3087 schitteren‚
444 3025 559 3087 lichten,
576 3026 627 3088 vgl.
643 3025 734 3088 divus,
751 3025 883 3088 interdiu,
900 3026 1011 3087 nudius;
1030 3040 1100 3089 ora,
1118 3041 1204 3085 zoom,
1223 3040 1318 3089 grens-

195 3093 272 3155 liuie,
296 3091 462 3153 kuststreek,
486 3091 645 3140 landstreek.
673 3091 749 3142 Lucr.
770 3092 913 3141 ontleende
930 3093 962 3141 de
981 3093 1157 3156 uitdrukking
1173 3092 1319 3141 luminis
1410 3115 1411 3140 r

195 3173 272 3208 orae
296 3173 347 3207 ean
369 3158 471 3206 Ennius
493 3155 572 3219 (Ann.
595 3156 659 3222 118,
682 3158 751 3219 aba).
769 3184 802 3192 -
819 3155 864 3209 25.
889 3159 926 3208 de
952 3174 1066 3208 rerum
1092 3166 1229 3222 natura,
1254 3154 1323 3220 περὶ·
1410 3151 1411 3190 1

195 3222 316 3288 φύσεως;
335 3225 415 3273 denen
434 3224 493 3273 titel
509 3224 590 3287 droeg
601 3239 650 3273 een
663 3225 737 3274 werk
748 3240 799 3274 van
810 3226 953 3289 Epicurus,
970 3226 1032 3275 dien
1044 3226 1184 3275 Lucretius
1195 3225 1317 3288 navolgt3

194 3293 363 3356 fragmenten
385 3305 437 3340 van
460 3292 500 3340 dit
522 3291 595 3340 werk
614 3291 665 3356 zijn
683 3292 711 3340 in
729 3292 926 3341 Herculaneum
943 3293 1088 3356 gevonden.
1105 3318 1138 3327 —
1155 3287 1200 3343 26.
1218 3291 1317 3341 Mem·

195 3358 282 3407 miad
290 3372 326 3406 ae
343 3362 472 3420 nostro,
489 3372 551 3407 voor
563 3373 607 3406 nw
619 3373 653 3407 en
665 3358 731 3423 mijn
745 3359 835 3407 vriend
848 3358 998 3408 Memmius.
1014 3360 1052 3408 Dc
1064 3359 1183 3408 Memmii
1194 3357 1315 3422 schijnen

194 3425 285 3474 Venus
310 3426 349 3474 als
372 3425 430 3473 hun
452 3425 630 3473 stammoeder
653 3426 761 3474 vereerd
784 3431 811 3474 te
834 3425 945 3476 hebben.
973 3427 1040 3475 Deze
1061 3426 1204 3475 Memmius
1221 3424 1318 3485 <caius

194 3491 336 3540 Memmius
360 3488 521 3554 Gemellus),
545 3505 596 3540 aen
619 3492 688 3541 wien
705 3492 780 3542 Lucr.
799 3491 851 3556 zijn
868 3493 941 3542 werk
958 3492 1097 3557 opdraagt,
1119 3508 1173 3542 was
1190 3491 1315 3541 vollstri·

193 3558 268 3606 buun
286 3554 392 3620 amico,
412 3562 518 3621 praetor
533 3555 639 3622 ceolas,
657 3558 696 3607 als
714 3563 867 3621 propraetor
883 3560 988 3609 vertrok
1006 3558 1043 3624 hij
1061 3574 1127 3609 naar
1143 3558 1270 3626 Bithynia
1286 3558 1314 3607 in

193 3625 213 3673 ’t
230 3625 343 3687 volgend
363 3624 429 3686 jaan.
456 3625 487 3673 In
510 3624 561 3672 den
583 3629 688 3675 eersten
705 3625 894 3690 burgeroorlog
911 3627 988 3675 stond
1006 3625 1042 3690 bij
1061 3640 1112 3675 ean
1129 3626 1161 3674 de
1179 3625 1245 3690 zijde
1263 3639 1314 3673 van

192 3690 347 3753 Pompeius,
371 3691 439 3740 later
462 3691 533 3740 hield
558 3690 594 3755 hij
619 3691 667 3740 het
689 3697 746 3741 met
768 3692 870 3742 Caesar.
897 3693 927 3741 In
951 3692 984 3741 54
1004 3692 1075 3756 dong
1091 3692 1127 3757 bij
1147 3691 1315 3741 vruchteloos
1410 3713 1411 3716 ¹

193 3772 258 3806 naar
281 3758 328 3806 het
351 3759 502 3818 consulaat3
526 3771 632 3821 wegens
654 3758 772 3808 ambitus
795 3759 976 3823 aangeklaagd
1000 3773 1034 3808 en
1052 3758 1219 3809 vercordeeld
1235 3757 1318 3821 bagai

194 3824 229 3888 hij
255 3824 311 3872 zich
336 3838 400 3873 naar
421 3823 526 3873 Athene
543 3824 570 3872 in
587 3823 778 3888 ballingscbap.
805 3825 845 3890 Hij
864 3826 996 3875 behoorde
1013 3826 1062 3874 ook
1080 3830 1120 3874 tot
1136 3826 1169 3874 de
1186 3825 1314 3876 vrienden

192 3905 243 3940 van
269 3889 358 3941 Cicero
375 3906 409 3940 en
426 3890 548 3940 Catullus
565 3905 599 3939 en
616 3905 671 3941 was
689 3892 741 3940 zeli
755 3892 908 3942 uitstekend
925 3892 1028 3942 belrend
1047 3898 1103 3942 met
1120 3893 1151 3941 de
1168 3890 1316 3940 Griekscbe
