2850 4409
727 154 765 212 26

347 339 524 398 deerrarunt
543 337 656 414 passim
677 344 776 397 motus
797 340 833 398 ab
855 339 994 398 sensibus
1015 358 1126 399 omnes,

347 419 436 478 debet
456 418 551 492 enim,
573 418 681 478 misere
703 419 729 476 si
750 419 826 478 forte
847 437 995 495 aegreque
1015 420 1196 495 futurumst,

346 499 411 575 ipse
426 516 545 575 quoque
560 516 627 557 esse
640 498 673 556 in
687 517 722 557 eo
737 505 801 557 tum
816 505 964 575 tempore,
979 500 1028 558 eui
1042 501 1119 559 male
1134 500 1230 577 possit

346 578 498 638 aeoidere:
520 579 552 636 id
573 579 712 655 quoniam
734 596 814 637 mors
834 579 955 648 eximit,
976 591 1103 656 esseque
1123 582 1229 656 probet

267 659 327 718 865
347 659 434 717 illum
455 658 504 717 oui
523 659 641 734 possint
660 659 849 718 incommoda
869 659 1033 731 oonoiliari,

347 739 423 798 seire
444 738 516 797 lieet
537 738 621 797 nobis
642 738 685 796 nil
706 756 773 797 esse
794 738 826 796 in
846 745 941 797 morte
961 739 1141 813 timendum,

346 837 402 878 neo
423 818 567 877 miserum
587 818 652 877 fieri
673 819 725 895 qui
746 836 805 876 non
825 827 873 877 est
892 836 994 895 posse,
1016 837 1113 895 neque
1135 820 1232 878 hilum

347 899 467 957 differre
487 917 525 956 an
546 899 629 957 nullo
649 899 741 957 fuerit
760 899 820 957 iam
840 905 973 974 tempore
994 905 1097 971 natue,

346 979 502 1037 mortalem
523 978 615 1036 vitam
637 996 717 1037 mors
738 997 806 1037 oum
826 978 1003 1037 immortalis
1024 979 1145 1038 ademit.

267 1059 325 1118 8711
386 1058 515 1117 Proinde
529 1058 581 1117 ubi
596 1076 628 1117 se
643 1058 746 1117 videas
760 1058 909 1117 hominem
923 1058 1108 1135 indignarier
1120 1059 1236 1135 ipsum,

345 1146 415 1214 post
436 1144 560 1196 mortem
581 1139 644 1197 lore
664 1146 699 1196 ut
719 1144 773 1196 aut
793 1143 931 1214 putescat
951 1156 1073 1214 oorpore
1094 1145 1179 1215 posto

346 1223 398 1277 aut
417 1218 547 1276 flammis
567 1218 699 1277 interfiat
720 1218 844 1276 malisve
864 1219 1009 1291 ferarum,

346 1298 422 1358 seire
442 1299 514 1357 lioet
534 1316 593 1356 non
615 1298 764 1357 sincerum
786 1316 905 1372 sonere,
926 1306 1016 1374 atque
1038 1298 1162 1358 subesse

347 1397 470 1438 oaeoum
484 1378 614 1454 aliquem
629 1378 710 1436 oordi
726 1378 897 1449 stimulum,
912 1378 1049 1454 quamvis
1063 1384 1153 1454 neget
1166 1378 1233 1455 ipse

266 1459 325 1518 875
346 1459 469 1518 eredere
484 1477 516 1517 se
531 1475 712 1534 quemquam
727 1458 783 1517 sibi
798 1476 917 1517 sensum
933 1459 964 1515 in
979 1464 1073 1517 morte
1087 1459 1240 1519 futurum:

345 1557 419 1607 non,
440 1544 475 1596 ut
495 1538 613 1614 opinor,
635 1537 714 1596 enim
736 1538 788 1595 dat
808 1538 887 1614 quod
908 1538 1056 1614 promittit
1076 1545 1108 1597 et
1128 1539 1238 1612 undat,

249 1660 251 1664 «
345 1637 401 1677 neo
421 1618 565 1677 radicitus
586 1636 602 1676 e
624 1618 685 1676 vita
707 1635 740 1676 se
760 1618 843 1676 tollit
863 1624 894 1676 et
914 1618 999 1691 eioit,

346 1699 398 1757 sed
419 1698 491 1756 facit
511 1715 577 1756 esse
600 1697 646 1755 sui
667 1697 810 1774 quiddam
831 1716 922 1773 super
941 1698 1058 1756 insoius
1078 1698 1152 1774 ipse.

345 1778 433 1836 vivus
454 1778 534 1837 enim
556 1778 612 1836 sibi
633 1796 701 1837 oum
722 1777 861 1854 proponit
881 1778 1008 1854 quisque
1028 1778 1178 1852 futurum,

265 1859 324 1917 880
346 1876 454 1935 eorpus
474 1858 519 1916 uti
542 1859 677 1917 volueres
697 1859 830 1917 lacerent
849 1857 881 1915 in
902 1864 996 1916 morte
1016 1858 1172 1934 feraeque,

345 1939 411 2014 ipse
432 1938 479 1997 sui
501 1938 637 1997 miseret:
660 1956 758 2014 neque
779 1938 859 1997 enim
880 1956 912 1996 se
934 1937 1043 1996 dividit
1062 1938 1139 1996 illim

345 2037 401 2078 neo
421 2026 554 2077 removet
575 2018 648 2076 satis
668 2038 685 2076 a
705 2017 836 2093 proiecto
857 2035 979 2093 corpore
1000 2023 1031 2076 et
1051 2018 1138 2076 illum

346 2117 377 2158 se
398 2098 485 2174 fingit
506 2116 655 2174 sensuque
677 2116 731 2156 suo
752 2097 934 2156 contaminat
954 2103 1072 2156 astans:

344 2179 415 2237 hino
437 2178 610 2254 indignatur
631 2196 663 2237 se
684 2178 840 2237 mortalem
860 2195 927 2236 esse
948 2183 1096 2250 ereetum,

266 2261 324 2317 885
344 2277 401 2318 neo
421 2259 504 2317 videt
524 2259 555 2316 iu
575 2277 646 2317 vera
666 2259 784 2316 nullum
804 2258 867 2317 fore
889 2263 983 2316 morte
1003 2257 1095 2316 alium
1117 2275 1164 2330 se,

345 2339 397 2414 qui
418 2339 514 2415 possit
533 2339 621 2396 vivus
643 2338 699 2397 sibi
722 2355 754 2397 se
775 2338 878 2412 lugere
898 2343 1105 2414 peremptum,

345 2425 487 2494 stansque
507 2419 655 2477 iuuentem
678 2436 710 2476 se
731 2418 854 2477 lacerari
875 2417 960 2476 urive
982 2418 1090 2476 dolere.

184 2609 327 2672 opdiepen,
345 2606 400 2655 rich
419 2606 586 2654 herinneren.
604 2630 637 2638 -
654 2601 710 2655 861.
735 2604 908 2653 sensibus:
927 2605 959 2653 de
977 2619 1071 2654 seusus
1088 2606 1117 2653 of
1132 2620 1312 2668 gewaarwor·

184 2677 282 2738 dingen
300 2679 424 2722 ontstaan
441 2673 540 2720 sleebts
557 2671 591 2735 bij
610 2686 676 2720 eene
694 2672 787 2720 reluere
804 2671 931 2732 bepaalde
948 2670 1106 2734 verbinding
1122 2673 1169 2719 der
1186 2676 1311 2722 atamen:

185 2742 279 2792 zoodra
295 2741 336 2789 die
351 2741 413 2788 orde
427 2738 574 2787 verbroken
588 2740 622 2800 is,
641 2738 749 2787 houden
761 2739 793 2786 de
806 2738 1064 2801 gewaarwordingen
1075 2754 1115 2800 op.
1124 2734 1232 2788 -862,
1251 2742 1311 2788 mi·

184 2822 259 2858 sere
275 2844 297 2856 ..
313 2820 497 2869 aegreque,
521 2805 657 2868 adverbia,
682 2807 767 2853 zooals
791 2819 853 2853 men
877 2813 934 2867 zegt
957 2804 1025 2853 bene
1042 2812 1096 2866 est,
1120 2807 1189 2853 male
1208 2811 1257 2854 est.
1275 2832 1312 2840 —

183 2872 250 2926 864.
269 2872 382 2937 probet
399 2888 461 2922 voor
479 2871 606 2935 prohibet.
619 2897 652 2905 -
664 2867 730 2922 868.
748 2886 787 2919 an
805 2871 895 2919 nullo
914 2872 940 2919 L.
954 2869 999 2919 Gr.
1015 2868 1097 2932 §ola
1110 2897 1143 2905 -
1155 2867 1221 2921 871).
1240 2888 1273 2921 se
1286 2909 1311 2922 ..

184 2940 404 3004 indignarier
421 2940 545 3001 ipsum:
564 2939 625 2987 deze
644 2940 729 3001 plaats
746 2937 843 3000 schijnt
861 2938 893 2985 de
907 2939 999 2997 eenige
1011 2943 1038 2986 te
1051 2938 1116 3002 rijn,
1135 2952 1207 2987 waar
1218 2939 1310 3002 indig-

184 3010 243 3059 nari
260 3014 316 3056 met
332 3007 383 3055 deu
401 3021 452 3055 aco.
471 3020 522 3054 van
539 3020 588 3054 een
606 3019 716 3068 persoon
734 3005 879 3053 voorkomt.
890 3030 925 3037 —
939 3000 995 3054 871.
1014 3009 1111 3066 posto
1130 3019 1192 3053 voor
1209 3007 1310 3068 posito,

184 3088 309 3125 wanneer
326 3073 377 3138 zijn
395 3073 509 3122 liobaam
526 3072 549 3121 is
566 3072 685 3136 bijgezet.
697 3097 731 3105 —
743 3066 808 3121 872.
826 3071 1005 3133 interfiat,
1023 3086 1068 3120 zoo
1086 3071 1213 3134 gebruikt
1230 3071 1309 3121 Lucr.

184 3142 257 3203 eido,
279 3139 363 3190 confio
381 3138 474 3201 (dedo,
492 3137 575 3200 indo).
592 3164 627 3172 —
642 3135 707 3190 873.
731 3139 903 3186 sincerum
920 3151 1056 3200 sonere,
1075 3138 1095 3185 't
1111 3138 1186 3186 beeld
1205 3138 1228 3187 is
1246 3145 1309 3188 ont·

183 3209 261 3258 leend
285 3222 335 3256 aan
360 3207 380 3255 ’t
397 3206 508 3270 gebruik
532 3221 575 3255 om
599 3220 631 3267 op
650 3219 730 3253 vazen
749 3219 783 3253 θη
800 3208 890 3266 potten
908 3209 964 3251 met
981 3205 1033 3252 den
1051 3204 1167 3253 knolrkel
1185 3219 1237 3253 van
1256 3206 1309 3255 den

183 3276 319 3338 ringente
337 3274 464 3336 kloppen,
487 3287 530 3321 om
548 3287 599 3321 aun
617 3272 637 3320 ’t
654 3271 743 3334 geluid
761 3276 788 3319 te
806 3271 905 3319 booren
922 3271 951 3318 of
967 3285 994 3318 ze
1012 3271 1062 3319 ook
1080 3271 1228 3333 gescheurd
1247 3272 1309 3336 zijn.

184 3355 306 3391 sonere
330 3341 404 3389 komt
422 3339 456 3402 bij
476 3339 574 3388 audere
592 3338 732 3401 schrijvers
749 3338 798 3386 ook
817 3338 844 3385 in
863 3337 882 3385 't
899 3351 983 3398 praes
1000 3350 1034 3385 eu
1052 3337 1104 3384 den
1122 3337 1168 3386 inf.
1187 3352 1251 3386 voor
1269 3342 1310 3388 als

184 3411 414 3468 consouautstam,
446 3420 480 3453 na
509 3405 585 3454 Luor.
615 3405 672 3453 niet
697 3419 779 3453 meer,
804 3427 838 3437 -
863 3398 928 3453 876.
961 3403 1069 3451 undat
1088 3418 1117 3445 =
1137 3404 1309 3469 fluctuat,

184 3474 291 3538 wijfelt,
315 3475 337 3522 is
354 3472 481 3535 ouzeker,
499 3473 542 3534 vgl
572 3470 635 3520 ¹052
653 3477 734 3533 atque
752 3470 833 3519 animi
851 3471 951 3518 incerto
969 3470 1078 3518 ssuitans
1095 3484 1184 3519 errore
1203 3473 1309 3535 vagaris

183 3556 218 3590 en
241 3540 298 3588 Val.
320 3539 428 3588 Flaccus
445 3538 541 3600 Argon.
559 3538 588 3599 5,
612 3537 674 3586 302:
698 3537 965 3585 Aesoniden..mens
983 3536 1052 3598 rapit
1069 3537 1218 3585 undantem
1237 3540 1309 3588 curis

184 3622 214 3657 ac
238 3608 324 3654 multa
347 3609 497 3655 novantem.
519 3630 552 3638 -
573 3601 639 3655 878.
662 3619 735 3653 esse
752 3640 774 3652 ..
790 3618 827 3652 su
835 3617 892 3665 per
910 3618 941 3646 =
959 3617 1102 3665 superesse.
1120 3628 1154 3636 —
1171 3604 1309 3654 inscius

183 3675 270 3736 ipse,
294 3672 439 3721 oubewust.
463 3697 496 3705 -
518 3667 575 3721 881.
600 3672 754 3733 miseret,
778 3669 936 3733 persoonlijk
960 3669 1092 3731 gebruikt.
1109 3695 1143 3703 —
1167 3670 1257 3721 illim
1277 3687 1308 3715 =

183 3741 271 3802 illinc,
296 3738 421 3802 namelijk
440 3738 472 3786 de
490 3738 604 3799 proiecto
622 3752 741 3799 corpore,
765 3751 830 3785 eene
848 3736 1005 3798 epexegesis
1023 3761 1056 3769 -
1073 3732 1139 3786 883.
1166 3736 1229 3786 Μθη
1248 3753 1309 3787 ver-

183 3806 295 3855 dubbelt
312 3807 367 3855 zion
385 3806 424 3854 uls
442 3805 462 3853 't
474 3818 543 3853 ware
561 3819 594 3852 θη
612 3803 710 3866 denkt,
728 3804 773 3852 dat
790 3817 852 3851 men
870 3803 923 3850 zelf
937 3801 972 3861 bij
992 3802 1043 3866 zijn
1060 3803 1136 3865 eigen
1155 3802 1203 3862 liik
1223 3808 1308 3865 stant,

183 3888 216 3922 en
235 3872 339 3937 schrijft
357 3887 400 3922 zoo
418 3887 467 3921 aan
486 3871 532 3920 dat
549 3871 596 3934 lijk
615 3870 665 3934 rijn
678 3871 755 3933 eigeu
769 3869 1027 3932 gewaarwordingen
1039 3873 1090 3918 tae.
1103 3895 1137 3904 -
1148 3854 1216 3920 885.
1235 3873 1308 3920 nul-
