2850 4409
652 211 708 270 193

276 402 308 456 et
326 397 411 455 velut
430 396 462 453 in
484 401 580 454 semet
600 404 721 472 captum
743 397 893 456 deducere
913 397 945 454 in
966 399 1089 456 orbem?

277 476 331 535 sed
351 495 389 535 ne
409 475 538 535 circuitu
559 476 648 551 longo
669 476 826 535 manifesta
847 478 1025 553 probentur,

198 558 256 616 130
276 557 343 633 ipsa
363 556 440 615 fides
460 556 542 632 operi
563 556 653 614 faciet
674 556 852 633 pondusque
872 557 1031 633 fidemque.

276 655 345 695 nam
365 654 463 712 neque
485 635 635 713 decipitur
654 635 744 709 ratic,
765 655 821 695 nec
841 637 954 712 decipit
973 655 1131 713 umquam3

276 723 358 776 recta
378 715 532 793 sequenda
552 716 600 774 via
620 720 667 774 est
686 734 721 774 ac
742 716 822 775 veris
842 717 956 775 credita
976 717 1092 791 causis,

276 802 463 873 eventusque
485 795 588 869 datur,
608 795 707 872 qualis
727 796 910 871 praedicitur
929 802 1008 855 ante.

277 877 357 953 quod
377 876 496 935 fortuna
517 881 613 934 ratum
634 876 738 949 faciat,
760 876 829 952 quis
850 876 950 935 dicere
970 877 1080 935 falsum

200 958 257 1015 135
276 957 386 1016 audeat
406 962 438 1016 et
458 962 558 1015 mutae
580 955 721 1030 suffragia
741 956 861 1016 vincere
882 956 992 1015 sertis?

277 1039 351 1096 haec
371 1054 427 1112 ego
448 1036 550 1094 divino
571 1035 690 1112 cupiam
711 1054 781 1094 cum
801 1036 841 1094 ad
862 1035 960 1095 sidera
980 1037 1054 1094 flatu

277 1118 355 1176 ferre
376 1135 433 1176 nec
453 1116 485 1173 in
503 1117 637 1187 turbam,
659 1133 714 1174 nec
735 1117 839 1175 turbae
860 1116 991 1175 carmina
1011 1117 1152 1191 condam,

278 1197 332 1255 sed
353 1196 436 1255 solus
456 1213 550 1254 vacuo
573 1196 665 1254 veluti
687 1200 822 1254 vectatus
841 1196 874 1254 in
894 1198 964 1255 orbe

276 1277 352 1336 liber
372 1295 460 1352 agam
480 1294 589 1335 currus
608 1293 668 1333 non
689 1276 913 1335 occmsantibus
934 1276 1020 1350 uilia,

200 1357 257 1416 140
276 1374 332 1416 nec
352 1364 409 1433 per
427 1356 486 1414 iter
507 1356 602 1415 socios
623 1374 781 1414 commune
801 1356 975 1431 gerentibus
995 1361 1094 1430 actus,

278 1437 331 1495 sed
351 1437 434 1495 caelo
454 1436 604 1495 noscenda
623 1453 727 1493 canam
748 1435 925 1494 mirantibus
945 1435 1050 1510 astriS,

277 1524 308 1576 et
326 1517 477 1592 gaudente
499 1516 546 1574 sui
567 1515 679 1573 mundo
699 1533 754 1592 per
774 1516 905 1574 carmina
925 1516 1017 1588 vatis,

277 1597 326 1663 vel
346 1596 456 1672 quibus
476 1596 529 1654 illa
550 1613 649 1654 sacros
669 1614 729 1653 non
749 1595 884 1655 invidere
905 1600 1021 1657 meatus

278 1677 473 1752 notitiamque
495 1675 558 1749 sui,
578 1675 702 1733 minima
723 1680 770 1734 est
790 1694 868 1752 quae
888 1677 975 1734 turba
995 1693 1050 1751 per
1070 1675 1179 1734 orbem.

200 1756 433 1830 rabilianus,
454 1774 531 1832 quae
552 1755 689 1826 divitiae,
711 1774 788 1831 quae
810 1755 910 1830 diligit
930 1774 1051 1828 aurum,

276 1836 402 1912 imperia
422 1841 454 1894 et
473 1836 571 1894 fasces
591 1835 772 1911 mollemque
792 1854 847 1912 per
867 1835 926 1894 otia
946 1836 1069 1907 luxum,

277 1923 307 1975 et
328 1916 447 1975 blandis
468 1916 594 1974 adversa
615 1915 711 1988 sonis,
733 1915 914 1991 dulcemque
935 1933 990 1991 per
1009 1915 1091 1973 auris

277 1998 431 2068 affectum,
452 2001 488 2054 nt
506 1995 623 2054 modico
643 1995 793 2054 noscenda
813 1995 852 2053 ad
871 1996 932 2053 lata
951 1995 1060 2054 labore.

276 2078 333 2135 hcc
354 2094 474 2153 quoque
494 2076 623 2135 fatorum
645 2080 707 2148 est,
727 2076 826 2150 legem
846 2074 1020 2151 perdiscere
1040 2074 1103 2133 lati.

108 2452 278 2461 ——-—-

108 2523 172 2578 1311.
189 2526 266 2588 ipsa
283 2525 386 2588 fides,
405 2526 429 2573 d.
446 2525 463 2574 1.
481 2525 514 2574 de
532 2524 612 2587 ratio,
630 2524 671 2572 die
689 2523 722 2572 de
741 2524 850 2588 hongste
868 2524 1007 2573 zeherheid
1026 2526 1099 2589 geeft
1114 2540 1148 2575 en
1165 2526 1195 2575 is.
1208 2551 1241 2560 -

109 2591 171 2646 132.
197 2596 307 2641 recta:
324 2594 376 2656 vgl.
395 2590 447 2641 Gir„
466 2592 498 2640 de
516 2589 565 2640 ou.
582 2589 613 2653 1,
630 2589 693 2639 118τ
712 2595 812 2640 rectam
830 2592 900 2640 vitae
917 2593 1002 2641 secuti
1018 2598 1083 2641 sunt
1100 2594 1177 2642 viam.
1203 2593 1241 2642 De

107 2661 188 2711 codd.
214 2658 332 2708 hebben:
360 2660 411 2707 rite
434 2658 563 2717 secunda,
589 2662 644 2706 wat
666 2656 785 2721 Scaliger
807 2659 968 2706 veranderde
991 2659 1020 2708 in
1043 2660 1093 2708 rite
1115 2660 1241 2722 secanda3

110 2728 228 2790 parallel
245 2731 302 2774 met
319 2726 455 2774 credita
472 2724 606 2772 verwacht
623 2739 685 2773 men
703 2725 795 2773 echter
811 2739 860 2773 een
878 2724 987 2788 adject,
1008 2727 1064 2774 niet
1081 2741 1131 2775 een
1149 2728 1242 2775 adver-

111 2795 197 2843 bium.
215 2818 250 2826 -
268 2788 323 2842 137.
342 2791 494 2853 turbam,
513 2793 566 2840 den
583 2797 696 2853 grooten
714 2791 789 2853 boop.
807 2816 840 2825 -
858 2791 1011 2855 condam,
1029 2797 1081 2856 vgl.
1098 2793 1174 2843 Lucr.
1193 2794 1242 2855 111,

110 2859 194 2922 1090,
214 2873 272 2922 pag.
293 2857 334 2907 34.
349 2883 384 2891 -
399 2854 455 2908 140.
473 2858 558 2906 iter.
569 2864 695 2907 ,actust
713 2872 763 2906 een
779 2857 870 2920 baelil,
888 2859 1013 2906 ontleend
1030 2873 1081 2908 aan
1098 2860 1242 2925 landelijhe

110 2927 282 2976 toestanden.
301 2924 421 2988 Dikwijls
440 2924 565 2988 namelijk
585 2929 677 2973 rusten
695 2939 725 2972 er
741 2939 774 2986 op
790 2939 840 2972 een
857 2924 921 2972 stuli
938 2925 1000 2972 land
1018 2926 1179 2988 servitutem,
1197 2941 1242 2975 zuo

109 2995 155 3042 als
178 2992 240 3057 bijv.
265 2993 312 3040 dat
335 2992 428 3055 eenige
452 2992 537 3040 buren
560 3005 610 3039 een
632 2991 941 3054 gemeenschappelijken
958 3005 1017 3054 weg
1035 2992 1139 3041 hebben
1156 2992 1242 3056 (iter),

114 3074 251 3109 waarcver
275 3058 306 3123 zij
332 3072 426 3107 samen
449 3059 542 3106 hunne
566 3058 674 3106 kudden
698 3071 793 3120 mugen
811 3058 914 3121 drijven
931 3056 1038 3119 (actus).
1064 3058 1113 3107 Ζοο
1130 3060 1181 3108 iets
1200 3061 1243 3108 wil

111 3127 148 3175 de
168 3126 272 3175 dichter
288 3126 317 3174 in
336 3125 415 3173 dezen
435 3125 503 3172 niet:
522 3124 559 3188 hij
578 3125 622 3172 wil
640 3123 690 3187 ziju
709 3139 768 3187 weg
784 3126 871 3172 alleen
889 3124 1024 3173 betreden.
1041 3151 1075 3158 —
1092 3121 1148 3175 143.
1166 3127 1242 3189 illa,

113 3192 245 3257 namelijlr
270 3193 303 3241 de
327 3196 412 3240 astra:
437 3191 469 3239 de
493 3191 598 3239 dichter
620 3191 715 3239 rekent
737 3191 772 3254 bij
791 3191 823 3239 de
841 3192 985 3240 menschen
1003 3192 1144 3254 hongstens
1160 3208 1194 3254 up
1210 3194 1242 3241 de

113 3259 308 3322 bewondering
333 3272 385 3306 nan
412 3258 454 3305 die
482 3258 624 3320 weinigen‚
650 3272 701 3305 aan
728 3258 778 3305 wie
803 3258 835 3305 de
858 3263 960 3307 sterren
983 3259 1036 3306 zelf
1056 3259 1108 3307 den
1128 3265 1244 3339 toegang

115 3326 223 3375 hebben
246 3327 395 3385 ontslcten‚
419 3325 471 3387 agl.
496 3329 566 3372 aant„
590 3339 623 3385 cp
647 3340 682 3373 vs.
703 3321 760 3372 149.
778 3349 812 3357 -
829 3320 886 3375 145.
912 3325 1010 3374 fluit:
1037 3326 1173 3375 Heinsius:
1197 3343 1242 3390 „w

115 3393 201 3442 fluere
227 3391 313 3454 plebis
338 3392 511 3440 securitatem
537 3391 636 3453 optime
661 3391 811 3452 exprimit'’.
836 3417 870 3425 -
895 3387 951 3441 147.
978 3392 1134 3442 adversa:
1160 3394 1188 3442 in
1211 3395 1243 3442 de

112 3465 203 3508 eerste
228 3474 305 3508 eeuw
328 3473 354 3506 n.
372 3456 434 3506 Chr.
452 3458 524 3505 aeide
541 3472 617 3506 men:
641 3457 672 3505 id
691 3472 740 3505 me
758 3459 923 3521 advertit,
946 3459 989 3507 dit
1007 3461 1078 3508 treht
1093 3459 1177 3523 mnne
1193 3476 1243 3523 op-

110 3526 355 3587 marlrzaamheid‚
379 3524 440 3588 bijv.
464 3524 499 3587 bij
523 3524 583 3572 Tac.
606 3538 639 3572 en
663 3525 766 3573 Plinius
788 3525 840 3572 den
861 3524 983 3589 jongere;
1008 3541 1052 3575 zoe
1073 3527 1144 3577 hier:
1167 3543 1202 3578 en
1219 3530 1244 3577 is

112 3594 321 3655 anapetrokken
340 3592 408 3639 door
425 3597 495 3639 zcete
512 3592 637 3639 klnnlren.
654 3616 688 3624 -
705 3592 910 3654 dulcemque
934 3607 992 3654 per
1014 3596 1110 3643 auris
1133 3595 1243 3644 affec·

111 3665 153 3708 tu
162 3674 203 3722 m,
221 3660 245 3707 d.
255 3660 272 3707 i.
291 3663 320 3707 et
334 3673 382 3720 per
394 3654 438 3717 (=
448 3656 565 3719 propter)
578 3658 683 3706 dulcem
696 3658 768 3706 auris
780 3658 905 3707 affectum
918 3659 1045 3723 namelijk
1058 3662 1201 3710 adversa.
1211 3687 1244 3696 -

110 3721 175 3776 148.
199 3726 331 3774 modico
356 3723 475 3772 labore
498 3723 541 3772 abl
573 3725 658 3786 qual:
682 3724 716 3772 de
739 3728 830 3787 grente
854 3725 921 3787 hccp
945 3726 1019 3788 heeft
1036 3729 1180 3791 1111111119
1199 3731 1243 3777 in-

109 3794 257 3855 spanninp
283 3805 349 3841 vom·
375 3804 445 3839 over.
470 3815 504 3823 -
530 3786 586 3840 149.
612 3790 668 3838 Met
692 3791 791 3839 andere
816 3792 953 3841 wccrden:
980 3794 1036 3841 niet
1058 3794 1130 3843 ieder
1152 3795 1175 3844 is
1198 3796 1245 3843 het

112 3872 234 3922 gegeren
253 3859 305 3907 den
322 3858 379 3906 lust
396 3871 431 3904 en
449 3857 482 3903 de
498 3855 701 3905 belrwaamheid
719 3862 747 3905 te
764 3857 868 3906 hebben
885 3874 929 3906 om
946 3859 979 3907 de
996 3865 1097 3909 natuur
1108 3865 1135 3910 te
1148 3862 1244 3910 under-

109 3924 230 3974 zoehen:
248 3926 297 3974 het
314 3925 336 3973 is
354 3938 405 3972 een
422 3922 556 3986 geschenk
574 3938 625 3971 van
642 3924 675 3971 de
692 3930 794 3972 natuur
810 3925 868 3973 zell.

154 4028 293 4081 1101111111,
312 4017 393 4067 Serta
409 4016 551 4077 Romana,
568 4015 600 4064 he
618 4016 695 4065 druh.
