2850 4409
738 193 776 252 82

357 397 417 438 non
436 396 581 455 agnamve
602 379 669 438 sinu
690 379 792 456 pigeat
810 379 944 438 fetumve
964 379 1096 455 capellae

398 459 550 518 desertum
569 459 661 518 oblita
681 467 775 518 matre
795 459 907 518 referre
928 458 1057 518 domum.

356 544 387 598 at
407 556 461 598 vos
481 539 591 616 exiguo
611 539 726 615 pecori,
746 539 889 615 furesque
909 538 1048 616 lupique,

396 619 524 695 parcite:
547 619 585 678 de
606 637 712 695 magno
733 625 781 678 est
800 618 910 695 praeda
929 618 1059 695 petenda
1079 637 1185 694 grege:

296 701 336 759 35
357 699 406 759 hic
427 717 483 775 ego
503 705 713 776 pastoremque
733 717 834 758 meum
853 699 982 758 lustrare
1003 699 1162 776 quotannis

397 785 429 838 et
448 779 598 856 placidam
620 780 700 838 soleo
722 796 862 855 spargere
881 779 959 837 lacte
979 779 1098 855 Palem3

317 863 334 919 7
356 860 423 935 ipse
443 876 540 918 seram
560 865 679 918 teneras
700 864 816 917 maturo
836 860 970 935 tempore
990 859 1069 917 vites

396 938 528 997 rusticus
548 944 579 998 et
599 938 679 998 facili
700 938 825 1014 grandia
844 957 932 1015 poma
952 957 1050 997 mauu.

356 1037 412 1078 nec
433 1017 508 1095 Spes
529 1018 687 1090 destituat,
707 1018 764 1092 sed
783 1019 905 1095 frugum
926 1036 1045 1095 semper
1064 1036 1185 1078 acervos

299 1100 336 1158 10
396 1100 537 1174 praebeat
557 1105 588 1158 et
607 1099 696 1175 pleno
716 1098 840 1175 pinguia
860 1105 959 1157 musta
978 1099 1055 1158 lacu.

356 1197 425 1237 nam
445 1197 584 1250 veneror,
606 1196 661 1237 seu
681 1179 776 1255 stipes
796 1179 885 1238 habet
906 1178 1044 1239 desertus
1064 1178 1096 1236 in
1116 1177 1196 1253 agris

398 1276 452 1318 seu
472 1265 559 1318 vetus
579 1258 611 1317 in
631 1258 719 1317 trivio
739 1258 845 1317 florida
865 1265 944 1317 serta
963 1259 1057 1335 lapis:
1145 1289 1148 1296 .

356 1345 387 1398 et
407 1338 616 1416 quodcumque
636 1338 710 1397 mihi
731 1356 853 1417 pomum
872 1356 968 1397 novus
988 1338 1097 1398 educat
1116 1355 1230 1411 annus,

394 1419 521 1477 libatum
541 1418 701 1494 agricolam
714 1418 843 1495 'ponitur
862 1423 931 1477 ante
952 1418 1050 1478 deum.

298 1500 336 1557 15
356 1500 434 1558 flava
454 1498 559 1572 GereS,
581 1498 635 1558 tibi
656 1499 692 1557 fit
710 1504 813 1558 nostro
834 1499 872 1558 de
893 1516 962 1557 rure
982 1516 1089 1557 corona

397 1578 511 1654 spicea,
531 1596 608 1655 quae
629 1578 734 1654 templi
755 1578 885 1655 pendeat
904 1584 972 1637 ante
992 1579 1088 1654 fores3

263 1667 265 1671 “
355 1658 546 1736 pomosisque
567 1659 657 1717 ruber
676 1665 778 1718 custos
799 1664 927 1734 ponatur
946 1658 977 1716 in
998 1658 1108 1731 hortis,

396 1744 506 1798 terreat
526 1744 561 1797 ut
582 1756 670 1798 saeva
689 1738 766 1798 falce
786 1738 914 1815 P1iapus
934 1756 1014 1797 aves.

356 1836 409 1877 vos
430 1836 561 1895 quoque,
581 1817 679 1877 felicis
700 1818 850 1895 quondam
870 1836 950 1877 nunc
970 1817 1111 1894 pauperis
1131 1818 1195 1893 agri

297 1899 336 1957 20
396 1898 552 1971 custodes,
574 1897 659 1957 fertis
680 1916 804 1958 munera
823 1905 938 1972 vestra,
959 1898 1060 1957 Lares.

356 1985 428 2038 tnnc
449 1978 543 2037 vitula
562 1978 735 2038 innumeros
754 1978 901 2037 lustrabat
920 1995 1007 2037 caesa
1026 1978 1183 2036 iuvencos:

395 2076 476 2117 nunc
495 2076 571 2134 agna
591 2058 694 2134 exigui
715 2064 762 2117 est
782 2058 879 2117 hostia
898 2076 990 2134 parva
1011 2057 1074 2117 soli.

355 2156 432 2213 agna
452 2137 533 2197 cadit
551 2138 650 2212 vebia,
672 2157 761 2215 quam
782 2138 894 2197 circum
915 2138 1027 2197 rustica
1046 2137 1142 2213 pubes

296 2219 335 2276 24
395 2218 505 2277 clamet
525 2218 571 2291 „io
592 2235 705 2277 messes
727 2224 758 2277 et
778 2219 853 2277 bona
873 2218 943 2276 vina
963 2218 1060 2277 date’'.

296 2300 332 2357 37
355 2298 476 2371 adsitis,
498 2298 574 2371 divi,
595 2316 655 2358 neu
675 2316 729 2357 vos
749 2316 766 2357 e
787 2315 918 2374 paupere
938 2316 1042 2356 mensa

195 2526 260 2560 eene
283 2511 431 2574 toespeling
453 2525 486 2573 op
510 2510 542 2559 de
562 2510 742 2574 roofzuchtige
758 2510 926 2560 Veteranen?
943 2536 977 2545 -
994 2507 1039 2562 35.
1064 2514 1236 2574 pastorem
1260 2513 1318 2560 lu·

196 2583 321 2627 strare:
342 2576 463 2640 jaarlijks
485 2581 607 2626 moesten
630 2578 662 2626 de
685 2577 795 2626 herders
817 2577 852 2642 bij
877 2578 925 2626 het
947 2579 1015 2627 fecst
1037 2592 1088 2627 van
1111 2576 1187 2626 Pales
1203 2575 1254 2638 (zie
1273 2575 1319 2638 36)

196 2644 253 2694 zich
275 2644 396 2706 reinigen
416 2643 517 2692 vande
535 2643 643 2706 schuld,
666 2644 708 2693 die
725 2658 754 2693 er
771 2644 913 2693 misschien
929 2659 962 2708 op
980 2645 1033 2693 hen
1050 2648 1150 2707 rustte,
1174 2644 1268 2693 omdat
1285 2644 1317 2708 zij

196 2713 253 2759 hun
271 2725 318 2759 vce
334 2725 367 2773 op
384 2710 481 2774 heilige
498 2712 618 2773 plaatsen
633 2711 739 2759 haddeu
750 2711 824 2760 laten
836 2711 939 2759 weiden
951 2711 981 2760 of
990 2726 1041 2760 aan
1053 2711 1191 2775 nymphen
1203 2711 1319 2776 gewijde

195 2778 315 2827 bronnen
339 2777 444 2826 hadden
465 2776 613 2826 bezoedeld.
640 2777 706 2826 Deze
729 2778 854 2827 lustratio
877 2778 988 2827 bestond
1010 2778 1116 2839 daarin,
1140 2778 1186 2826 dat
1202 2792 1268 2827 meu
1286 2778 1319 2827 de

196 2845 304 2893 herders
321 2858 383 2893 over
399 2858 484 2892 ruren
500 2858 551 2892 ran
569 2844 744 2893 bonnenstroo
761 2844 809 2892 liet
826 2844 958 2908 springen.
970 2870 1004 2878 —
1015 2840 1060 2895 36.
1079 2844 1205 2907 Palem,
1224 2844 1319 2906 Pales,
1402 2863 1403 2866 ¹

195 2925 260 2960 eene
278 2911 345 2959 oude
363 2910 442 2974 godin
460 2911 506 2959 der
522 2910 681 2972 Romeinen,
699 2911 731 2960 de
749 2911 944 2960 beschermster
960 2912 1007 2960 der
1024 2911 1131 2960 kudden
1146 2926 1180 2960 en
1192 2911 1319 2960 herders:

195 2993 245 3027 een
268 2977 336 3026 feest
358 2975 466 3039 (Parilia
490 2978 519 3027 of
537 2975 641 3039 Palilia)
658 2983 700 3026 ter
717 2978 796 3026 hares
813 2992 873 3027 eere
890 2978 961 3027 werd
978 2978 1084 3042 gevierd
1102 2992 1134 3040 op
1152 2978 1204 3026 deu
1220 2976 1319 3027 atsten

195 3045 281 3108 April,
299 3049 326 3093 te
344 3044 426 3108 gelijk
444 3049 499 3093 met
516 3044 562 3093 het
579 3044 647 3094 teest
663 3059 716 3093 van
733 3045 766 3094 de
783 3045 912 3108 stiehting
929 3045 976 3094 der
992 3045 1066 3106 stad,
1084 3046 1134 3108 vgl.
1153 3042 1226 3093 Ovid.
1244 3044 1318 3095 Fast„

196 3111 242 3173 IV,
266 3109 411 3173 721-8623
435 3111 482 3159 het
503 3110 579 3160 beeld
604 3112 650 3160 der
672 3111 753 3174 godin
775 3111 846 3160 werd
870 3126 903 3174 op
922 3111 963 3161 dit
979 3112 1047 3161 feest
1064 3116 1120 3160 met
1136 3112 1224 3160 lauwe
1242 3111 1319 3161 melk

194 3178 350 3242 besprengd.
367 3203 401 3211 -
419 3174 445 3228 ll.
468 3178 615 3239 stipes..
631 3178 733 3241 lapis,
755 3179 856 3227 honten
873 3178 902 3227 of
916 3182 1027 3227 steenen
1044 3178 1156 3227 beeldeu
1173 3178 1221 3226 der
1237 3178 1318 3227 land·

195 3246 294 3309 goden,
312 3245 422 3293 meestal
440 3260 498 3293 ruw
510 3244 642 3307 bewerkt,
660 3245 767 3294 werden
780 3260 813 3307 op
826 3245 846 3293 't
858 3245 917 3293 veld
930 3245 959 3293 of
968 3259 1019 3293 aan
1031 3244 1082 3293 den
1095 3258 1154 3307 weg
1165 3244 1318 3308 opgericht:

195 3310 268 3362 Ovid.
287 3310 355 3361 Fast.
374 3312 412 3371 II,
429 3309 492 3360 tlt:
510 3311 646 3374 Termine,
664 3311 718 3360 sive
730 3312 810 3374 Inpia,
827 3311 883 3360 sive
895 3326 924 3360 es
935 3312 1056 3361 defossus
1067 3312 1095 3359 in
1107 3325 1171 3374 agro
1183 3312 1274 3374 stipes.
1284 3336 1320 3345 -

196 3375 232 3429 14.
256 3379 368 3440 deum,
392 3376 529 3440 Silvanus,
552 3378 584 3426 de
607 3378 776 3427 beschermer
798 3378 845 3426 der
864 3377 1082 3427 boomvruchten.
1099 3403 1137 3442 -Ὶ
1151 3374 1186 3428 17.
1212 3378 1320 3427 ruber

194 3451 311 3494 custos
326 3481 332 3493 .
345 3481 350 3493 .
365 3444 523 3507 Priapus:
546 3444 668 3508 Priapus,
687 3445 719 3493 de
737 3459 800 3494 zoon
818 3459 869 3493 van
886 3444 1016 3509 Dionysos
1033 3459 1067 3493 en
1084 3444 1243 3507 Aphrodite,
1261 3459 1320 3494 was

195 3513 227 3560 de
245 3511 294 3575 god
312 3511 359 3559 der
376 3510 612 3573 vruchtbaarheid,
630 3511 662 3559 de
678 3511 848 3561 beschermer
862 3526 912 3560 van
925 3512 956 3560 de
969 3511 1091 3574 kudden,
1110 3525 1161 3559 van
1173 3512 1205 3560 de
1219 3511 1319 3560 tuinen

195 3593 229 3627 en
244 3577 438 3642 wijngaarden,
456 3578 555 3627 waarin
568 3578 725 3642 gewoonlijk
738 3577 788 3628 ook
801 3577 852 3643 zijn
864 3578 941 3627 beeld
953 3579 1085 3642 geplaatst
1096 3578 1181 3641 werd,
1200 3577 1319 3642 dikwijls

196 3649 252 3694 met
273 3644 360 3693 menie
384 3645 447 3694 rood
472 3645 586 3708 geverfd.
604 3670 638 3677 -
656 3640 691 3695 19.
716 3644 758 3694 Zie
779 3650 849 3694 aaut.
867 3660 900 3708 op
918 3660 954 3694 vs.
972 3644 996 3693 5.
1013 3670 1047 3679 —
1063 3640 1108 3694 20.
1133 3659 1320 3694 munera..

196 3713 310 3760 Lares:
336 3724 386 3759 aan
409 3710 442 3760 de
465 3711 544 3761 Lares
567 3716 684 3774 agrestes
706 3712 736 3760 of
757 3711 848 3761 rustici
871 3711 965 3761 bracht
988 3725 1051 3761 men
1068 3725 1100 3774 op
1118 3711 1166 3760 het
1183 3712 1252 3761 feast
1269 3712 1320 3761 der

196 3777 363 3826 Ambarvalia
388 3774 438 3837 (zie
464 3779 502 3841 ll,
526 3777 555 3838 l)
581 3778 770 3827 verschillende
795 3779 885 3827 offers:
911 3778 944 3827 de
969 3778 1146 3842 eerstelingeu
1171 3779 1218 3828 der
1240 3779 1318 3828 tuin-

194 3844 340 3905 rruchten,
363 3844 477 3907 nemag,
501 3858 551 3893 een
569 3844 638 3907 kalt,
661 3859 711 3893 een
728 3846 797 3907 lam,
821 3859 870 3894 een
887 3844 987 3894 rarken
1003 3860 1074 3908 ena,
1095 3849 1234 3894 uaarmate
1251 3859 1318 3894 rnen

196 3917 251 3959 met
267 3910 381 3973 rijlrdoru
398 3910 530 3973 gezegend
546 3925 614 3959 was:
639 3911 746 3960 daarom
763 3912 860 3960 offerde
876 3911 932 3961 Tib.
950 3925 1058 3975 vroeger
1075 3926 1141 3960 eene
1158 3913 1257 3974 vitula,
1278 3927 1318 3961 nn
