2850 4409
630 145 669 203 79

210 334 227 391 7
250 336 282 390 et
301 337 364 390 tum
385 331 510 390 mirifice
530 332 668 407 sperabat
689 348 722 390 se
742 348 810 390 esse
830 332 978 402 locutum,

291 429 358 472 oum
379 418 524 488 quantum
545 417 662 487 poterat
682 411 802 470 dixerat
821 410 976 469 hinsidias.

211 492 228 548 3
250 491 354 565 credo,
376 492 420 550 sio
440 496 550 565 mater,
572 490 616 550 sic
633 490 727 550 Liber
746 491 915 550 avunculus
935 491 1016 562 eius,

291 571 334 630 sic
353 576 506 630 maternus
525 588 601 630 avus
621 570 740 630 dixerat
759 575 850 648 atque
869 571 944 629 aria

210 652 228 708 5
248 651 306 710 hoc
326 650 417 710 misso
438 651 469 709 in
490 650 594 725 Syrias
615 650 787 728 requierant
806 651 943 709 omnibus
963 668 1064 709 aures:

289 731 432 790 audibant
451 731 556 790 eadem
577 732 651 790 haec
671 731 780 790 leniter
799 737 831 790 et
850 730 969 803 leviter,

248 828 305 870 uec
325 810 382 870 sibi
402 810 523 887 postilla
543 812 716 870 metuebant
736 810 807 869 talia
827 812 933 882 verba,

191 891 227 948 10
289 908 359 950 cum
380 890 477 950 subito
497 893 622 950 affertur
641 890 766 950 nuntius
786 890 953 964 horribilis,

248 969 349 1029 Ionios
369 972 480 1030 fluctus
500 975 659 1048 postquam
679 971 755 1030 illuc
779 970 887 1029 Arrius
906 970 997 1044 isset,

288 1050 350 1109 iam
369 1069 429 1110 nou
448 1051 547 1110 Ionios
568 1068 650 1124 esse,
672 1057 719 1110 set
739 1050 871 1109 Hionios,

627 1361 680 1446 or

488 1569 552 1609 Arm
571 1569 642 1609 MIJN
663 1568 807 1609 BROEDER.

129 1710 248 1764 Catullus'
265 1715 361 1779 eenige
378 1714 489 1764 broeder
500 1729 554 1764 was
565 1729 639 1764 verre
651 1729 702 1764 van
716 1714 766 1778 zijn
780 1714 922 1764 vaderland
933 1714 961 1762 in
974 1713 1054 1762 Troas
1067 1719 1207 1775 gestamen

103 1791 129 1825 en
144 1785 195 1829 met
210 1783 274 1832 hem
292 1783 325 1831 de
343 1782 459 1846 vreugde
476 1781 558 1845 zijner
574 1782 686 1831 familie:

305 1849 335 1898 Ei
352 1849 448 1898 misero
464 1849 548 1897 frater
564 1849 676 1898 iocunda
694 1862 708 1896 e
726 1848 828 1897 lumine
845 1848 981 1910 adempte,

340 1920 430 1965 tecum
448 1930 503 1964 una
519 1919 576 1964 tota
592 1919 633 1964 est
650 1920 740 1964 nostra
758 1916 863 1978 sepulta
879 1915 986 1974 domus3

305 1983 396 2031 omnia
411 1986 501 2031 tecum
519 1996 574 2030 una
590 1982 727 2045 perierunt
744 1982 842 2044 gaudia
858 1986 961 2043 nostra,

338 2063 408 2113 quae
425 2058 490 2098 tuus
506 2048 534 2096 in
551 2049 606 2098 rita
623 2049 708 2097 dulcis
725 2047 814 2097 alebat
830 2063 912 2097 amor.
947 2043 1092 2109 (Llllllllb,
1111 2045 1163 2106 53.)

115 2109 192 2185 ἸΤοθιι
213 2117 245 2165 de
270 2117 374 2166 dichter
397 2116 540 2165 Memmius
563 2130 627 2171 naar
651 2115 711 2163 Azie
735 2116 900 2178 vergezelde,
926 2128 979 2163 was
996 2114 1042 2162 het
1059 2112 1207 2176 natuurlijlr

104 2189 144 2239 21]ss
163 2187 244 2232 eerste
268 2183 393 2232 behoefte
416 2183 480 2231 daar
502 2182 548 2231 het
565 2183 626 2246 graf
640 2181 707 2245 zijns
723 2182 847 2231 broeders
864 2186 891 2231 te
908 2181 1041 2230 bezoelren
1058 2195 1092 2230 en
1110 2180 1208 2242 daarop

105 2241 142 2291 het
155 2246 317 2299 doodenoller
334 2247 459 2311 (munere
476 2247 632 2312 mertia„3,
655 2250 729 2297 tristi
745 2263 859 2298 munere
875 2249 911 2297 ad
929 2248 1061 2310 inferias,
1079 2245 1108 2295 8:
1130 2246 1209 2310 wijn,

104 2311 176 2427 ffillr',
192 2315 282 2379 bloed,
300 2316 396 2380 honig,
412 2314 547 2377 bloemen)
564 2321 591 2365 te
608 2315 736 2378 plengen,
757 2321 811 2364 wat
829 2316 864 2379 hij
883 2330 918 2364 na
936 2315 968 2364 de
985 2314 1135 2378 begrafenis
1152 2314 1209 2362 niet

178 2396 268 2433 urmen
286 2384 362 2432 doen.

206 2518 319 2578 Multas
339 2536 394 2594 per
414 2522 519 2593 gentes
540 2523 571 2576 et
591 2517 685 2576 multa
705 2536 760 2593 per
779 2535 908 2594 aequora
929 2523 1033 2576 vectus

243 2598 372 2658 advenio
392 2598 447 2656 has
467 2597 607 2670 miseras,
627 2597 736 2669 irater,
757 2597 795 2656 ad
815 2596 953 2669 inferias,

106 2715 247 2733 κ

105 2800 132 2835 en
146 2791 192 2841 dan
208 2811 261 2860 nog
278 2796 378 2845 zelden.
396 2796 426 2843 In
444 2794 495 2859 zijn
512 2795 561 2859 tijd
579 2796 666 2844 lrwam
684 2795 791 2858 daarin,
809 2794 1015 2859 waarschijnlijlr
1028 2795 1091 2843 door
1103 2794 1207 2842 iuvloed

107 2867 147 2904 lan
162 2859 204 2910 het
219 2862 362 2925 Grielrsch,
381 2876 446 2911 eene
463 2863 651 2926 verendering,
670 2876 806 2911 waarnaar
824 2862 859 2925 lnj
879 2862 932 2910 zeli
947 2862 1002 2911 rich
1017 2860 1142 2923 eindelijlr
1157 2860 1207 2909 oolr

106 2931 176 2974 moest
196 2929 333 2979 schilrlren.
359 2928 412 2978 liet
432 2929 592 2978 overdreven
610 2944 643 2978 en
661 2929 804 2978 verkeerde
820 2928 931 2993 gebruilr
948 2942 999 2977 van
1017 2928 1049 2976 de
1066 2927 1209 2988 adspiratie
1236 2971 1237 2974 ,

107 2991 176 3040 wurdt
195 2995 253 3045 hier
274 2996 338 3045 door
355 2993 477 3044 Catullus
494 2995 633 3059 gehelreld.
659 2994 731 3044 Orat.
748 2994 806 3044 160.
830 2995 921 3054 Quint.
939 2995 964 3056 l,
982 2994 1011 3057 5,
1028 2992 1074 3056 19,
1092 2992 1138 3042 ⁶20:
1163 3007 1209 3054 per

107 3056 289 3125 aspirationem,
308 3063 362 3111 sive
380 3062 494 3110 adicitur
511 3062 604 3111 vitiose
622 3063 675 3111 sive
692 3062 855 3124 detrahitur,
873 3062 943 3124 apud
957 3076 1005 3110 nos
1017 3067 1103 3123 potest
1116 3060 1207 3122 quaeri

107 3123 281 3193 conscripto
299 3129 334 3178 sit
351 3129 460 3192 vitium,
484 3129 507 3177 si
523 3129 546 3177 H
563 3129 654 3178 littera
670 3134 724 3191 est,
748 3143 799 3177 non
819 3134 888 3178 nota.
915 3126 997 3177 (iuius
1014 3128 1122 3191 quidem
1140 3127 1209 3175 ratio

108 3194 194 3241 mutata
214 3210 277 3246 cum
301 3195 466 3258 temporibus
486 3200 527 3244 est
543 3196 654 3257 saepius
682 3195 836 3244 parcissime
853 3210 885 3244 ea
901 3201 1005 3243 veteres
1023 3196 1064 3243 usi
1081 3195 1161 3243 etiam
1179 3193 1207 3242 in

109 3259 233 3327 vocalibus,
261 3277 324 3312 cum
347 3263 449 3311 oedos
472 3263 631 3325 ircosque
655 3262 789 3324 dicebant,
813 3263 859 3311 diu
882 3262 977 3310 deinde
1001 3267 1151 3322 servatum,
1175 3274 1208 3308 ne

108 3330 294 3379 consonantibus
311 3329 471 3392 aspirarent,
493 3330 568 3378 utin
586 3326 724 3378 Graccis
742 3329 813 3377 etin
831 3328 1008 3391 triumpis3
1031 3328 1119 3390 erupit
1135 3326 1208 3376 brevi

109 3388 205 3452 teleuare
226 3396 328 3445 nimius
350 3410 428 3457 usus,
452 3401 483 3444 ut
499 3396 683 3459 chananae,
706 3395 972 3457 chenturiones,
996 3396 1208 3458 praechones

109 3452 178 3508 adhuc
199 3461 342 3526 (ongeveer
366 3459 467 3511 92-95
491 3476 526 3510 ua
550 3460 624 3523 Chr.)
648 3462 808 3525 quibusdam
831 3460 1044 3524 inscriptionibus
1067 3467 1207 3524 maneant,

109 3526 235 3579 tradere
254 3528 355 3579 Catulli
372 3528 459 3577 nobile
476 3529 639 3591 epigramma
656 3532 703 3578 est.
722 3525 798 3578 -2.
822 3530 956 3578 Arrius:
981 3527 1010 3586 Q.
1028 3529 1133 3590 Atrine,
1158 3543 1207 3577 een

110 3598 217 3659 lairena,
235 3599 275 3646 als
292 3596 423 3646 redenaar
439 3596 466 3644 in
485 3595 536 3659 zijn
553 3595 602 3658 tijd
619 3596 676 3644 niet
689 3594 843 3659 onbelrend,
860 3595 982 3644 infimo
1000 3595 1072 3644 loco
1090 3600 1207 3656 natus,

110 3656 131 3699 et
144 3655 244 3713 honores
261 3670 289 3713 et
306 3662 447 3727 pecuniam
462 3665 490 3709 et
502 3663 615 3725 gratiam
626 3666 799 3726 consecutus,
816 3664 897 3712 etiam
909 3662 937 3710 in
950 3667 1122 3724 patronorum
1137 3663 1207 3709 sine

109 3716 257 3794 doctrina,
281 3731 357 3779 sine
380 3728 519 3792 ingenio
543 3729 659 3791 aliquem
683 3742 827 3778 numerum
849 3733 1012 3791 pervenerat.
1039 3728 1090 3778 Cic.
1109 3729 1208 3777 Brutus

110 3781 155 3837 ²42
176 3818 205 3828 -
229 3795 255 3849 5.
286 3796 508 3860 requierant,
538 3797 588 3858 vgl.
616 3795 691 3858 Verg.
717 3795 782 3843 Aen.
808 3795 837 3858 d,
863 3793 919 3843 523.
946 3795 1022 3844 Lucr.
1048 3795 1082 3857 V,
1109 3795 1149 3842 53.
1175 3818 1208 3825 —

111 3844 130 3899 6.
145 3861 311 3929 audibant,
330 3863 382 3926 vgl.
401 3862 478 3910 Lucr.
496 3861 528 3924 V,
546 3859 603 3911 934.
