2850 4409
665 148 722 206 189

291 340 333 395 ut⁴
346 334 441 393 voluit
460 333 558 405 credi,
579 333 631 410 qni
652 332 768 409 primus
789 332 905 392 moenia
924 334 1030 393 mundi

292 414 456 473 seminibus
477 413 590 472 struxit
610 412 743 472 minimis
763 413 854 489 inque
874 413 927 472 illa
947 414 1086 490 resolvit,

292 512 309 553 e
330 494 398 570 quis
418 499 450 552 et
470 493 563 552 maria
583 497 730 552 50050055
751 499 782 552 et
803 492 901 551 sidera
921 493 996 552 caeli

292 574 472 650 aetheraque
492 574 655 632 immensos
674 573 869 632 fabricantem
889 572 999 632 finibus
1019 574 1106 633 orbes

212 655 272 713 490
293 655 517 730 solventemque
537 653 627 726 alios,
648 659 785 712 constare
805 657 963 712 5050000505
983 653 1093 713 reverti

291 733 322 792 in
344 751 398 793 sna
417 733 565 809 principia
585 738 617 792 et
635 751 737 792 rerum
757 738 873 792 mutare
893 733 1013 808 figuras,

292 813 360 890 quis
380 814 483 873 credat
502 818 601 872 055055
621 830 746 889 operum
767 811 831 871 sine
851 812 973 872 numine
994 813 1103 886 moles,

292 912 331 953 ex
351 893 484 952 minimis
504 910 651 970 caecoque
671 898 806 952 creatum
825 892 946 952 foedere
965 893 1133 951 mundum?

293 973 318 1032 si
337 974 399 1032 fors
420 973 478 1032 ista
499 973 584 1032 dedit
603 972 703 1046 nobis,
724 973 785 1031 fors
805 972 872 1048 ipsa
891 973 1052 1048 gubernet!

213 1056 273 1113 495
292 1058 323 1112 50
343 1072 398 1112 5000
418 1053 573 1129 dispositis
593 1052 709 1112 vicibus
730 1069 910 1128 consurgere
931 1053 1031 1129 signa,

292 1139 323 1193 et
341 1134 427 1192 051000
446 1133 572 1210 imperio
593 1132 793 1209 praescriptos
813 1132 940 1192 reddere
960 1151 1067 1192 cursus

293 1213 443 1273 cernimus
463 1232 499 1273 ac
518 1213 611 1272 nullis
631 1212 860 1289 properantibus
880 1213 943 1271 ulla
962 1212 1114 1290 relinqui?

292 1311 347 1353 cur
366 1293 471 1353 eadem
492 1293 621 1353 aestivas
641 1300 788 1352 exornant
809 1292 907 1351 sidera
927 1293 1024 1352 noctis

294 1391 426 1449 semper,
448 1379 480 1432 et
499 1374 639 1432 hibernas
659 1372 779 1446 eadem,
800 1377 971 1449 certamque
991 1373 1117 1448 figuram

213 1456 272 1513 500
293 1453 421 1529 quisque
442 1454 508 1513 dies
528 1452 629 1512 reddit
649 1453 776 1525 mundo,
797 1458 968 1528 certamque
989 1452 1152 1530 relinquit?

293 1533 351 1592 iam
374 1542 454 1607 tum,
475 1552 546 1592 cum
568 1532 674 1592 Graiae
695 1537 850 1592 verterunt
869 1532 1015 1608 Pergama
1034 1536 1154 1607 gentes,

293 1614 401 1672 Arctos
422 1619 453 1673 et
474 1611 565 1672 Orion
585 1612 721 1671 adversis
741 1611 889 1671 frontibus
909 1612 1007 1687 ibant3

293 1694 367 1751 haec
387 1699 527 1752 contenta
547 1711 618 1751 50055
637 1693 670 1751 in
690 1693 803 1751 vertice
823 1692 944 1751 flectere
964 1710 1070 1768 gyros,

293 1772 345 1832 ille
366 1792 406 1831 ex
426 1773 545 1832 diverso
565 1779 731 1832 vertentem
753 1790 876 1848 surgere
896 1778 999 1831 contra

212 1856 273 1914 505
294 1853 415 1927 obvius,
437 1858 468 1913 et
488 1859 550 1912 toto
571 1871 690 1929 semper
709 1852 871 1911 decurrere
892 1852 1019 1927 mundo;

293 1938 487 2010 temporaque
507 1934 650 1992 obscurae
669 1932 766 1991 noctis
787 1932 972 2008 deprendere
993 1930 1088 2007 signis

293 2012 352 2071 iam
373 2018 526 2089 poterant,
546 2013 723 2089 caelumque
744 2030 814 2071 suas
834 2012 1014 2071 distinxerat
1034 2012 1130 2070 horas.

294 2098 367 2169 quot
387 2099 456 2169 post
476 2093 627 2152 excidium
649 2092 753 2151 Troiae
774 2099 845 2152 sunt
865 2098 950 2152 eruta
970 2110 1075 2167 regna,

294 2178 368 2250 quot
388 2172 468 2249 capti
488 2172 606 2249 populi,
628 2172 767 2249 quotiens
786 2172 916 2232 Fortuna
936 2190 991 2248 per
1011 2172 1112 2231 orbem

215 2255 274 2313 510
296 2253 453 2312 servitium
473 2252 693 2329 imperiumque
713 2253 785 2311 tnh't
805 2252 946 2329 varieque
967 2251 1104 2311 revertit!

296 2332 437 2392 Troianos
458 2332 574 2392 cineres
594 2332 626 2390 in
646 2337 791 2408 quantum
812 2332 904 2392 oblita
923 2331 1031 2391 refovit

294 2412 470 2489 imperium!
492 2412 562 2471 fatis
582 2412 673 2470 Asiae
692 2412 753 2471 iam
774 2411 898 2471 Graecia
918 2429 1022 2489 pressa
1041 2415 1096 2472 550.

127 2542 296 2553 --.-....

128 2606 260 2657 Manilius
277 2604 300 2653 is
317 2603 467 2666 pantheist,
486 2603 570 2651 zooals
587 2601 727 2651 Lucretius
743 2601 813 2650 deist
829 2601 858 2650 of
867 2601 973 2651 atheist.
986 2627 1019 2636 -
1031 2598 1098 2653 480.
1116 2602 1175 2666 qni
1192 2603 1257 2665 pri·

130 2687 220 2723 mus:
240 2670 422 2732 05505501οι05,
438 2669 501 2718 dien
519 2669 648 2731 Epicurus
659 2669 761 2732 volgde.
773 2693 807 2703 —
818 2664 885 2719 487.
903 2669 1083 2718 seminibus
1100 2670 1257 2733 minimis,

129 2746 256 2801 atomon,
274 2736 389 2786 waaruit
406 2736 585 2797 Democritus,
602 2734 746 2798 Epicurus,
763 2749 797 2784 en
812 2735 952 2784 Lucretius
964 2734 984 2784 ’0
996 2736 1082 2784 055151
1093 2737 1258 2799 opbouwden

131 2822 166 2857 en
191 2805 293 2855 waarin
317 2803 348 2866 zij
373 2804 440 2851 alles
460 2802 545 2851 deden
561 2803 746 2864 teruglreeren.
763 2827 797 2835 -
813 2797 880 2852 488.
903 2816 918 2850 e
935 2802 1013 2865 quis
1030 2806 1105 2851 cett:
1129 2804 1258 2867 equibus

129 2870 255 2936 (atomis)
278 2871 355 2920 docet
378 2866 568 2930 (Democritus)
590 2872 710 2918 constare
730 2872 758 2917 et
774 2870 858 2917 maria
874 2873 936 2919 cett.
963 2869 993 2917 ln
1010 2869 1157 2932 eenigszins
1175 2869 1258 2934 vrijen

131 2940 305 3005 spreelrtrant
328 2941 388 3000 zegt
411 2936 443 2985 015
466 2936 582 2995 01150050,
605 2935 651 2984 0150
669 2936 702 2983 015
720 2935 813 2984 aether
830 2935 862 2983 de
878 2935 1018 2997 oneindige
1035 2934 1258 2986 hemellichamen

131 3011 221 3057 vormt
243 3020 278 3055 en
303 3017 374 3052 weer
396 3006 538 3064 verwoest,
561 3002 657 3066 terwijl
681 3002 718 3066 hij
742 3001 948 3066 waarschijnlijk
971 3001 1076 3051 bedoelt
1098 3002 1145 3051 dat
1166 3002 1206 3051 dit
1224 3003 1259 3050 in

131 3075 186 3124 den
204 3073 299 3122 aether
316 3070 437 3134 gebeurt.
455 3069 475 3118 ’0
492 3070 517 3119 15
534 3069 626 3118 550050
642 3068 693 3118 ool
710 3067 850 3133 mogelijk,
868 3069 914 3117 dat
931 3067 966 3132 hij
984 3067 1122 3132 werkelijk
1138 3068 1258 3133 bedoelt,

132 3141 181 3190 0150
204 3140 238 3188 015
260 3138 355 3187 aether
377 3137 410 3184 de
433 3135 604 3200 onmetelijke
627 3135 814 3184 wereldbollen
834 3135 1019 3199 voortbrengt‚
1042 3137 1128 3185 055515
1144 3136 1194 3185 5510
1213 3136 1260 3185 050

132 3208 262 3257 0550150005
280 3203 471 3253 0550501505055
488 3205 556 3252 15500
569 3199 695 3319 (spiller).
708 3227 742 3235 -
753 3197 819 3252 493.
837 3216 1006 3265 caecoque
1023 3202 1175 3266 foedere,
1193 3203 1260 3252 door

131 3288 198 3324 eene
223 3272 316 3322 blinda
340 3275 503 3320 notuurwet.
525 3295 560 3303 -
582 3266 600 3319 5
622 3265 639 3319 Ι.
666 3269 842 3332 Pergama,
868 3268 901 3317 de
925 3268 1023 3318 burcht
1049 3283 1100 3318 van
1125 3269 1209 3333 Troje.
1226 3295 1260 3304 -

131 3336 200 3392 5⁰2.
223 3339 347 3388 Arctos
370 3340 403 3385 et
425 3335 543 3398 Orion,
565 3340 634 3385 twee
651 3335 880 3399 sterrenheelden,
904 3336 951 3384 het
966 3340 1066 3399 eerste,
1084 3336 1117 3385 de
1134 3337 1214 3397 Beer,
1231 3337 1259 3386 in

133 3408 153 3457 't
166 3406 307 3468 Noorden,
324 3403 360 3468 bij
375 3404 408 3452 de
420 3402 582 3465 Noordpool,
600 3403 647 3451 het
658 3402 774 3465 tweede,
792 3402 921 3466 genoemd
933 3417 999 3452 naar
1010 3403 1062 3452 den
1073 3405 1260 3467 reusachtigen

130 3475 209 3538 jager
226 3471 321 3534 Orion,
340 3471 405 3519 01550
421 3474 577 3533 0535005050,
593 3469 622 3518 in
640 3469 659 3517 ’t
671 3468 783 3531 Zuiden,
801 3469 894 3518 zoodat
910 3469 943 3518 de
959 3474 1046 3519 eerste
1060 3471 1160 3520 slechts
1171 3471 1260 3522 lrleine

133 3541 249 3604 1001003500
261 3553 306 3589 om
320 3537 353 3586 de
365 3536 514 3598 Noordpool
526 3534 675 3651 beschrppfft,
687 3534 769 3585 Orion
780 3536 957 3599 daerentegen
970 3538 1022 3585 den
1033 3538 1163 3601 geheelen
1171 3539 1261 3588 hemel

132 3608 244 3670 ailoopt3
269 3606 323 3669 031.
343 3601 382 3653 001
403 3617 437 3652 ss.
454 3601 483 3665 V,
501 3600 564 3651 273:
587 3598 620 3650 οὐ
638 3597 652 3650 ὅ
668 3599 695 3650 οἱ
710 3599 792 3656 ὕπνος
808 3597 851 3650 ἐπὶ
867 3597 1040 3665 βλεφάροισιν
1056 3599 1161 3653 ἔπιπτεν
1177 3630 1211 3639 -
1227 3631 1261 3639 -

130 3670 261 3754 ἐσορῶντι
274 3697 309 3706 -
321 3666 379 3750 7¹:
396 3684 478 3751 ,ntor
494 3665 536 3728 θ’,
553 3666 587 3731 ἣν
603 3665 650 3749 grai
666 3665 772 3731 ἅμαξαν
788 3663 926 3745 ἐπίιιλησιν
942 3664 1091 3730 καλέουσιν,
1107 3668 1124 3733 ἢ
1140 3667 1160 3719 τ’
1178 3668 1260 3721 αὐτοῦ

132 3756 280 3871 ttttt
293 3732 446 3866 thel?
448 3731 674 3851 ‘ttlt‘tttr
688 3731 761 3851 5511·
768 3734 1051 3868 ,tttthltltttj
1056 3737 1140 3854 ht
1147 3739 1181 3868 ll,-
1195 3739 1261 3854 ht

131 3876 222 3926 weder
234 3876 306 3925 doen
318 3870 445 3934 oplevenl
463 3869 514 3918 Dat
526 3869 548 3917 is
559 3868 616 3917 niet
624 3868 691 3932 juist
702 3867 872 3932 0003500000οε
887 3869 1007 3918 refovit
1019 3870 1083 3920 slnit
1095 3871 1200 3920 oblita
1211 3871 1260 3920 uit.
